@misc{19Design,
    title = {{19 - When considering how to teach fundamental principles of game design}}
}

@inproceedings{Nooralahzadeh20132012Tweets,
    title = {{2012 presidential elections on twitter - An analysis of how the us and french election were reflected in tweets}},
    year = {2013},
    booktitle = {Proceedings - 19th International Conference on Control Systems and Computer Science, CSCS 2013},
    author = {Nooralahzadeh, Farhad and Arunachalam, Viswanathan and Chiru, Costin Gabriel},
    pages = {240--246},
    doi = {10.1109/CSCS.2013.72},
    keywords = {Elections, Hash Tags, Polarity, Sentiment Analysis, Time Series, Topics, Twitter}
}

@inproceedings{Nooralahzadeh20132012Tweetsb,
    title = {{2012 presidential elections on twitter - An analysis of how the us and french election were reflected in tweets}},
    year = {2013},
    booktitle = {Proceedings - 19th International Conference on Control Systems and Computer Science, CSCS 2013},
    author = {Nooralahzadeh, Farhad and Arunachalam, Viswanathan and Chiru, Costin Gabriel},
    month = {5},
    pages = {240--246},
    publisher = {IEEE},
    url = {http://ieeexplore.ieee.org/document/6569271/},
    isbn = {978-1-4673-6140-8},
    doi = {10.1109/CSCS.2013.72},
    keywords = {Elections, Hash Tags, Polarity, Sentiment Analysis, Time Series, Topics, Twitter}
}

@inproceedings{Nooralahzadeh20132012Tweetsc,
    title = {{2012 presidential elections on twitter - An analysis of how the us and french election were reflected in tweets}},
    year = {2013},
    booktitle = {Proceedings - 19th International Conference on Control Systems and Computer Science, CSCS 2013},
    author = {Nooralahzadeh, Farhad and Arunachalam, Viswanathan and Chiru, Costin Gabriel},
    pages = {240--246},
    doi = {10.1109/CSCS.2013.72},
    keywords = {Elections, Hash Tags, Polarity, Sentiment Analysis, Time Series, Topics, Twitter}
}

@article{Yannakakis33Games,
    title = {{33 - A Panorama of Artificial and Computational Intelligence in Games}},
    author = {Yannakakis, Georgios N and Togelius, Julian},
    keywords = {artificial intelligence, computational, games}
}

@misc{7C6D773403F6703399843Bb0a92D1Fdf37Bbbba6Canvas.Uva.Nl,
    title = {{7C6D773403F6703399843Bb0a92D1Fdf37Bbbba6 @ Canvas.Uva.Nl}},
    url = {https://canvas.uva.nl/courses/2601/assignments/5295#}
}

@article{Mozafari2020AMedia,
    title = {{A BERT-Based Transfer Learning Approach for Hate Speech Detection in Online Social Media}},
    year = {2020},
    journal = {Studies in Computational Intelligence},
    author = {Mozafari, Marzieh and Farahbakhsh, Reza and Crespi, NoÃ«l},
    pages = {928--940},
    volume = {881 SCI},
    isbn = {9783030366865},
    doi = {10.1007/978-3-030-36687-2{\_}77},
    issn = {18609503},
    arxivId = {1910.12574},
    keywords = {BERT, Fine-tuning, Hate speech detection, Language modeling, NLP, Social media, Transfer learning}
}

@article{Tao2015ASensors,
    title = {{A Comparative Home Activity Monitoring Study using Visual and Inertial Sensors}},
    year = {2015},
    journal = {2015 17Th International Conference on E-Health Networking, Application {\&} Services (Healthcom)},
    author = {Tao, L and Burghardt, T and Hannuna, S and Camplani, M and Paiement, A and Damen, D and Mirmehdi, M and Craddock, I},
    pages = {644--647},
    isbn = {978-1-4673-8325-7}
}

@article{Ifeanyi2015AScanner,
    title = {{A Dual System Capture Biometric Fingerprint Scanner}},
    year = {2015},
    journal = {International Journal Of Engineering And Computer Science},
    author = {Ifeanyi, Uzoma and Wu, Yang},
    number = {04},
    pages = {15213--15219},
    volume = {4},
    isbn = {1520815212},
    doi = {10.18535/Ijecs/v4i12.22},
    issn = {23197242},
    keywords = {Biometrics, Cryptography, Fingerprint, Imaging, Scanner}
}

@article{Weitkunat2015AProduct,
    title = {{A novel approach to assess the population health impact of introducing a Modified Risk Tobacco Product}},
    year = {2015},
    journal = {Regulatory Toxicology and Pharmacology},
    author = {Weitkunat, Rolf and Lee, Peter N. and Baker, Gizelle and Sponsiello-Wang, Zheng and Gonz{\'{a}}lez-Zuloeta Ladd, Angela M. and L{\"{u}}dicke, Frank},
    number = {1},
    pages = {87--93},
    volume = {72},
    publisher = {Elsevier Inc.},
    url = {http://dx.doi.org/10.1016/j.yrtph.2015.03.011},
    isbn = {0273-2300},
    doi = {10.1016/j.yrtph.2015.03.011},
    issn = {10960295},
    pmid = {25819932},
    keywords = {Attributable risk, Harm reduction, Modeling, Modified Risk Tobacco Product, Smoking}
}

@techreport{LietoASpaces,
    title = {{A Resource-Driven Approach for Anchoring Linguistic Resources to Conceptual Spaces}},
    author = {Lieto, Antonio and Mensa, Enrico and Radicioni, Daniele P},
    url = {https://pdfs.semanticscholar.org/2df5/f73ca5daafa60e41f80417731d1555af5c25.pdf},
    keywords = {Lexical Resources Integration, Lexical Semantics, NLP}
}

@article{Hemmatian2019AAnalysis,
    title = {{A survey on classification techniques for opinion mining and sentiment analysis}},
    year = {2019},
    journal = {Artificial Intelligence Review},
    author = {Hemmatian, Fatemeh and Sohrabi, Mohammad Karim},
    number = {3},
    month = {10},
    pages = {1495--1545},
    volume = {52},
    publisher = {Springer Netherlands},
    doi = {10.1007/s10462-017-9599-6},
    issn = {15737462},
    keywords = {Classification, Lexicon, Machine learning, Opinion mining, Sentiment analysis}
}

@article{Hemmatian2019AAnalysisb,
    title = {{A survey on classification techniques for opinion mining and sentiment analysis}},
    year = {2019},
    journal = {Artificial Intelligence Review},
    author = {Hemmatian, Fatemeh and Sohrabi, Mohammad Karim},
    number = {3},
    month = {10},
    pages = {1495--1545},
    volume = {52},
    publisher = {Springer Netherlands},
    url = {http://link.springer.com/10.1007/s10462-017-9599-6},
    doi = {10.1007/s10462-017-9599-6},
    issn = {15737462},
    keywords = {Classification, Lexicon, Machine learning, Opinion mining, Sentiment analysis}
}

@article{Hemmatian2019AAnalysisc,
    title = {{A survey on classification techniques for opinion mining and sentiment analysis}},
    year = {2019},
    journal = {Artificial Intelligence Review},
    author = {Hemmatian, Fatemeh and Sohrabi, Mohammad Karim},
    number = {3},
    month = {10},
    pages = {1495--1545},
    volume = {52},
    publisher = {Springer Netherlands},
    doi = {10.1007/s10462-017-9599-6},
    issn = {15737462},
    keywords = {Classification, Lexicon, Machine learning, Opinion mining, Sentiment analysis}
}

@techreport{SchmidtAProcessing,
    title = {{A Survey on Hate Speech Detection using Natural Language Processing}},
    author = {Schmidt, Anna and Wiegand, Michael},
    pages = {1--10},
    publisher = {Association for Computational Linguistics},
    url = {https://en.wikipedia.org/wiki/List_}
}

@techreport{SchmidtAProcessingb,
    title = {{A Survey on Hate Speech Detection using Natural Language Processing}},
    author = {Schmidt, Anna and Wiegand, Michael},
    pages = {1--10},
    publisher = {Association for Computational Linguistics},
    url = {https://en.wikipedia.org/wiki/List_}
}

@techreport{SchmidtAProcessingc,
    title = {{A Survey on Hate Speech Detection using Natural Language Processing}},
    author = {Schmidt, Anna and Wiegand, Michael},
    pages = {1--10},
    publisher = {Association for Computational Linguistics},
    url = {https://en.wikipedia.org/wiki/List_}
}

@article{Palma2016ACancer,
    title = {{A system dynamics model of serum prostate-specific antigen screening for prostate cancer}},
    year = {2016},
    journal = {American Journal of Epidemiology},
    author = {Palma, Anton and Lounsbury, David W. and Schlecht, Nicolas F. and Agalliu, Ilir},
    number = {3},
    pages = {227--236},
    volume = {183},
    doi = {10.1093/aje/kwv262},
    issn = {14766256},
    pmid = {26702631},
    keywords = {cancer-specific mortality, policy evaluation, prostate cancer, prostate-specific antigen screening, system dynamics modeling}
}

@article{Hill2017AOutcomes,
    title = {{A system dynamics modelling approach to assess the impact of launching a new nicotine product on population health outcomes}},
    year = {2017},
    journal = {Regulatory Toxicology and Pharmacology},
    author = {Hill, Andrew and Camacho, Oscar M.},
    pages = {265--278},
    volume = {86},
    publisher = {Elsevier Ltd},
    url = {http://dx.doi.org/10.1016/j.yrtph.2017.03.012},
    isbn = {0273-2300},
    doi = {10.1016/j.yrtph.2017.03.012},
    issn = {10960295},
    pmid = {28342844},
    keywords = {Cigarette, Modelling, Nicotine, Population modelling, System dynamics, Tobacco, e-cigarette}
}

@article{Priest2013APeople,
    title = {{A systematic review of studies examining the relationship between reported racism and health and wellbeing for children and young people}},
    year = {2013},
    journal = {Social Science and Medicine},
    author = {Priest, Naomi and Paradies, Yin and Trenerry, Brigid and Truong, Mandy and Karlsen, Saffron and Kelly, Yvonne},
    month = {10},
    pages = {115--127},
    volume = {95},
    doi = {10.1016/j.socscimed.2012.11.031},
    issn = {02779536},
    keywords = {Child, Health outcomes, Prejudice, Racial discrimination, Racism, Systematic review, Wellbeing, Youth}
}

@article{Priest2013APeopleb,
    title = {{A systematic review of studies examining the relationship between reported racism and health and wellbeing for children and young people}},
    year = {2013},
    journal = {Social Science and Medicine},
    author = {Priest, Naomi and Paradies, Yin and Trenerry, Brigid and Truong, Mandy and Karlsen, Saffron and Kelly, Yvonne},
    month = {10},
    pages = {115--127},
    volume = {95},
    url = {https://linkinghub.elsevier.com/retrieve/pii/S0277953612007927},
    doi = {10.1016/j.socscimed.2012.11.031},
    issn = {02779536},
    keywords = {Child, Health outcomes, Prejudice, Racial discrimination, Racism, Systematic review, Wellbeing, Youth}
}

@article{Priest2013APeoplec,
    title = {{A systematic review of studies examining the relationship between reported racism and health and wellbeing for children and young people}},
    year = {2013},
    journal = {Social Science and Medicine},
    author = {Priest, Naomi and Paradies, Yin and Trenerry, Brigid and Truong, Mandy and Karlsen, Saffron and Kelly, Yvonne},
    month = {10},
    pages = {115--127},
    volume = {95},
    doi = {10.1016/j.socscimed.2012.11.031},
    issn = {02779536},
    keywords = {Child, Health outcomes, Prejudice, Racial discrimination, Racism, Systematic review, Wellbeing, Youth}
}

@article{Sharma2015ASystem,
    title = {{A Voice-Controlled Multi-Functional Smart Home Automation System}},
    year = {2015},
    author = {Sharma, Sonal and Singhal, Deepika and Gupta, Ruchi},
    pages = {1--6},
    isbn = {9781467365406}
}

@article{Tapia2004ActivitySensors,
    title = {{Activity Recognition in the Home Using Simple and Ubiquitous Sensors}},
    year = {2004},
    author = {Tapia, Emmanuel Munguia and Intille, Stephen S. and Larson, Kent},
    pages = {158--175},
    url = {http://link.springer.com/10.1007/978-3-540-24646-6_10},
    isbn = {978-3-540-21835-7},
    doi = {10.1007/978-3-540-24646-6{\_}10},
    issn = {03029743},
    pmid = {4520227},
    arxivId = {9780201398298}
}

@article{Tapia2004ActivitySensorsb,
    title = {{Activity Recognition in the Home Using Simple and Ubiquitous Sensors}},
    year = {2004},
    author = {Tapia, Emmanuel Munguia and Intille, Stephen S. and Larson, Kent},
    pages = {158--175},
    url = {http://link.springer.com/10.1007/978-3-540-24646-6_10},
    isbn = {978-3-540-21835-7},
    doi = {10.1007/978-3-540-24646-6{\_}10},
    issn = {03029743},
    pmid = {4520227},
    arxivId = {9780201398298}
}

@techreport{Cambria2016AFFECTIVEANALYSIS,
    title = {{AFFECTIVE COMPUTING AND SENTIMENT ANALYSIS}},
    year = {2016},
    booktitle = {IEEE Intelligent Systems},
    author = {Cambria, Erik},
    number = {2},
    month = {3},
    pages = {102--107},
    volume = {31},
    url = {www.sas.com/social http://ieeexplore.ieee.org/document/7435182/},
    doi = {10.1109/MIS.2016.31},
    issn = {1541-1672}
}

@techreport{PejathayaMURALI2017ALWDIntl,
    title = {{ALWD 6th ed. Sashaank Pejathaya Murali, Detecting Cyber Bullies on Twitter Using Machine Learning Techniques, 6 Int'l}},
    year = {2017},
    booktitle = {International Journal of Information Security and Cybercrime},
    author = {Pejathaya MURALI, Sashaank},
    number = {1},
    pages = {63--66},
    volume = {63},
    url = {https://heinonline.org/HOL/License},
    keywords = {Data Mining, Feature extraction, Index terms: Cyber bullying Detection, Machine learning algorithms, Twitter}
}

@techreport{SpeerAnEmbeddings,
    title = {{An Ensemble Method to Produce High-Quality Word Embeddings}},
    author = {Speer, Robert and Chin, Joshua},
    url = {http://commoncrawl.org/},
    arxivId = {1604.01692v1}
}

@article{BlankersAn,
    title = {{An Intelligent social Interactive System - part 5 [ An Intelligent Interactive System to Reduce the Disrupting Effect of Smartphone Use During Group Interaction ]}},
    author = {Blankers, Helen},
    keywords = {a ff ective computing, human interaction, intelligent interactive system, interac-, smart, social behavior, tion design}
}

@article{Ruiven2017AnProcess,
    title = {{An Interactive Smart Kitchen guide for a more efficient cooking process}},
    year = {2017},
    author = {Ruiven, Kimberley Van}
}

@article{Ruiven2017AnProcessb,
    title = {{An Interactive Smart Kitchen system for a more efficient cooking process}},
    year = {2017},
    author = {Ruiven, Kimberley Van}
}

@article{RuivenAnProcess,
    title = {{An Interactive Smart Kitchen system for a more efficient cooking process}},
    author = {Ruiven, Kimberley Van}
}

@article{Sadasivuni2017Anti-spoofingScanners,
    title = {{Anti-spoofing device for biometric fingerprint scanners}},
    year = {2017},
    journal = {2017 IEEE International Conference on Mechatronics and Automation, ICMA 2017},
    author = {Sadasivuni, Kishor Kumar and Houkan, Mohammad Talal and Taha, Mohammad Saleh and Cabibihan, John John},
    pages = {683--687},
    isbn = {9781509067572},
    doi = {10.1109/ICMA.2017.8015898},
    keywords = {Biometric Spoofing, Capacitive Sensor, Microcontroller, Processing, Pulse Sensor, Security}
}

@article{Arriany2016ApplyingNetworks,
    title = {{Applying voice recognition technology for smart home networks}},
    year = {2016},
    journal = {Proceedings - 2016 International Conference on Engineering and MIS, ICEMIS 2016},
    author = {Arriany, Aml A. and Musbah, Mohamed S.},
    pages = {1--6},
    isbn = {9781509055791},
    doi = {10.1109/ICEMIS.2016.7745292},
    issn = {0924-090X},
    keywords = {smart home, smart home appliances, smart home network, voice/speech recognition}
}

@inproceedings{Waseem2016AreTwitter,
    title = {{Are You a Racist or Am I Seeing Things? Annotator Influence on Hate Speech Detection on Twitter}},
    year = {2016},
    author = {Waseem, Zeerak},
    pages = {138--142},
    url = {www.spacy.io},
    doi = {10.18653/v1/w16-5618}
}

@article{Castaneda2016AristotlesSpeech,
    title = {{Aristotleâs Rhetoric in Trumpâs Hate Speech}},
    year = {2016},
    journal = {OALib},
    author = {Casta{\~{n}}eda, Ana Jimena Casillas},
    number = {09},
    pages = {1--8},
    volume = {03},
    publisher = {Scientific Research Publishing, Inc,},
    doi = {10.4236/oalib.1102916},
    issn = {2333-9721}
}

@article{Castaneda2016AristotlesSpeechb,
    title = {{Aristotleâs Rhetoric in Trumpâs Hate Speech}},
    year = {2016},
    journal = {OALib},
    author = {Casta{\~{n}}eda, Ana Jimena Casillas},
    number = {09},
    pages = {1--8},
    volume = {03},
    publisher = {Scientific Research Publishing, Inc,},
    url = {http://www.oalib.com/paper/pdf/5271230},
    doi = {10.4236/oalib.1102916},
    issn = {2333-9721}
}

@article{Castaneda2016AristotlesSpeechc,
    title = {{Aristotleâs Rhetoric in Trumpâs Hate Speech}},
    year = {2016},
    journal = {OALib},
    author = {Casta{\~{n}}eda, Ana Jimena Casillas},
    number = {09},
    pages = {1--8},
    volume = {03},
    publisher = {Scientific Research Publishing, Inc,},
    doi = {10.4236/oalib.1102916},
    issn = {2333-9721}
}

@inproceedings{Davidson2017AutomatedLanguage,
    title = {{Automated hate speech detection and the problem of offensive language}},
    year = {2017},
    booktitle = {Proceedings of the 11th International Conference on Web and Social Media, ICWSM 2017},
    author = {Davidson, Thomas and Warmsley, Dana and Macy, Michael and Weber, Ingmar},
    month = {3},
    pages = {512--515},
    url = {http://arxiv.org/abs/1703.04009},
    isbn = {9781577357889},
    arxivId = {1703.04009}
}

@article{Davidson2017AutomatedLanguageb,
    title = {{Automated hate speech detection and the problem of offensive language}},
    year = {2017},
    journal = {Proceedings of the 11th International Conference on Web and Social Media, ICWSM 2017},
    author = {Davidson, Thomas and Warmsley, Dana and Macy, Michael and Weber, Ingmar},
    pages = {512--515},
    isbn = {9781577357889},
    arxivId = {1703.04009}
}

@article{Guha2015BigNecessary,
    title = {{Big data makes common schemas even more necessary}},
    year = {2015},
    journal = {Queue},
    author = {Guha, R V and Brickley, D and Macbeth, S},
    number = {9},
    volume = {13},
    doi = {10.1145/2844544},
    issn = {15427730 (ISSN)}
}

@techreport{JuniaAnacleto12006CanApplications,
    title = {{Can Common Sense uncover cultural differences in computer applications?}},
    year = {2006},
    author = {{Junia Anacleto1} and {Henry Lieberman2} and {Marie Tsutsumi1} and {V{\^{a}}nia Neris1} and {Aparecido Carvalho1} and {Jose Espinosa2} and {Muriel Godoi1} and {and Silvia ZemMascarenhas}},
    url = {http://lia.dc.ufscar.br}
}

@article{Strik2014CaseDescription,
    title = {{Case description}},
    year = {2014},
    journal = {Hellenic Journal of Nuclear Medicine},
    author = {Strik, David and Heijne, Annemiek Ter},
    number = {September},
    pages = {175--176},
    doi = {10.1177/2055116917730180},
    pmid = {452065},
    keywords = {radiation protection, radioidine, tld dosimetry}
}

@article{StatesCaseStrength,
    title = {{Case description Opening of a new park Influence of visitors to the park Regaining strength}},
    author = {States, United},
    pages = {4--6}
}

@article{Ford1999CausalDiagrams,
    title = {{Causal loop diagrams}},
    year = {1999},
    journal = {Modeling the Environment: An Introduction to System Dynamics Models of Environmental Systems},
    author = {Ford, Andrew},
    pages = {69--83},
    keywords = {causal loop diagram, flow diagram, modeling, nutrient cycling}
}

@article{Ford1999CausalDiagramsb,
    title = {{Causal loop diagrams}},
    year = {1999},
    journal = {Modeling the Environment: An Introduction to System Dynamics Models of Environmental Systems},
    author = {Ford, Andrew},
    pages = {69--83},
    keywords = {causal loop diagram, flow diagram, modeling, nutrient cycling}
}

@article{Malmasi2018ChallengesSpeech,
    title = {{Challenges in discriminating profanity from hate speech}},
    year = {2018},
    journal = {Journal of Experimental and Theoretical Artificial Intelligence},
    author = {Malmasi, Shervin and Zampieri, Marcos},
    number = {2},
    month = {3},
    pages = {187--202},
    volume = {30},
    url = {http://arxiv.org/abs/1803.05495},
    doi = {10.1080/0952813X.2017.1409284},
    issn = {13623079},
    arxivId = {1803.05495},
    keywords = {Hate speech, bullying, classifier ensembles, social media, text classification, twitter}
}

@article{Hilbert1961ChapterStructures,
    title = {{Chapter 8 (Closing the Loop : Dynamics of Simple Structures)}},
    year = {1961},
    author = {Hilbert, David}
}

@article{Sterman2000ChapterProducts,
    title = {{Chapter 9 (S-Shaped growth: Epidemics, innovation diffusion and the growth of new products)}},
    year = {2000},
    journal = {Business dynamics: systems thinking and modeling for a complex world},
    author = {Sterman, John},
    pages = {323--346},
    isbn = {978-0072389159}
}

@article{Tang2019ClassifyingModel,
    title = {{Classifying Hate Speech Using a Two-Layer Model}},
    year = {2019},
    journal = {Statistics and Public Policy},
    author = {Tang, Yiwen and Dalzell, Nicole},
    number = {1},
    pages = {80--86},
    volume = {6},
    publisher = {Taylor {\&} Francis},
    url = {https://doi.org/10.1080/2330443X.2019.1660285},
    doi = {10.1080/2330443X.2019.1660285},
    issn = {2330443X},
    keywords = {Hate speech, Lexicon, Random forest, Sentiment analysis, Text analysis}
}

@techreport{GroverClintonTrump,
    title = {{Clinton vs. Trump 2016: Analyzing and Visualizing Tweets and Sentiments of Hillary Clinton and Donald Trump}},
    author = {Grover, Siddharth}
}

@article{Hilbert1961ClosingStructures,
    title = {{Closing the Loop : Dynamics of Simple Structures}},
    year = {1961},
    author = {Hilbert, David}
}

@techreport{Liu2004CommonsenseLanguage,
    title = {{Commonsense Reasoning in and over Natural Language}},
    year = {2004},
    author = {Liu, Hugo and Singh, Push},
    url = {www.conceptnet.org}
}

@techreport{HavasiConceptNetKnowledge,
    title = {{ConceptNet 3: a Flexible, Multilingual Semantic Network for Common Sense Knowledge}},
    author = {Havasi, Catherine and Speer, Robert and Alonso, Jason B},
    url = {https://pdfs.semanticscholar.org/027c/81cdfbcde0eb6445e7224dcb1ef5e67479b4.pdf?_ga=2.25026426.139044246.1540639461-841208959.1540639461},
    keywords = {Knowledge representation, common-sense reasoning, information extraction, natural language processing}
}

@techreport{Speer2017ConceptNetKnowledge,
    title = {{ConceptNet 5.5: An Open Multilingual Graph of General Knowledge}},
    year = {2017},
    author = {Speer, Robert and Chin, Joshua and Havasi, Catherine},
    url = {http://unicode.org/reports/tr15/},
    arxivId = {1612.03975v1}
}

@misc{Liu2004ConceptNetToolkit,
    title = {{ConceptNet : A Practical Commonsense Reasoning Toolkit}},
    year = {2004},
    author = {Liu, Hugo},
    url = {https://www.semanticscholar.org/paper/ConceptNet-%3A-A-Practical-Commonsense-Reasoning-Liu/abaa70c3a17478f8f30bca686655d93638a958ff}
}

@article{Liu2004ConceptNetToolkitb,
    title = {{ConceptNet : A Practical Commonsense Reasoning Toolkit}},
    year = {2004},
    author = {Liu, Hugo},
    pages = {1--19},
    url = {https://www.semanticscholar.org/paper/ConceptNet-%3A-A-Practical-Commonsense-Reasoning-Liu/abaa70c3a17478f8f30bca686655d93638a958ff}
}

@techreport{Speer2017ConceptNetKnowledgeb,
    title = {{ConceptNet at SemEval-2017 Task 2: Extending Word Embeddings with Multilingual Relational Knowledge}},
    year = {2017},
    author = {Speer, Robert and Lowry-Duda, Joanna},
    url = {http://nlp.stanford.edu/projects/glove/},
    arxivId = {1704.03560v1},
    keywords = {()}
}

@techreport{Liu2004ConceptNet-aTool-kit,
    title = {{ConceptNet-a practical commonsense reasoning tool-kit}},
    year = {2004},
    booktitle = {BT Technology Journal â¢},
    author = {Liu, H and Singh, P},
    number = {4},
    volume = {22},
    url = {http://web.media.mit.edu/~walter/bttj/Paper23Pages211-226.pdf}
}

@article{Tjhia2017CookinAssistant,
    title = {{Cookin â: Interactive Cooking Assistant}},
    year = {2017},
    author = {Tjhia, Melissa and Olij, Richard}
}

@article{M.2015CostSurvey,
    title = {{Cost of extracorporeal treatments: A worldwide survey}},
    year = {2015},
    journal = {Clinical Toxicology},
    author = {M., Cormier and V., Lavergne and J., Bouchard and D.M., Roberts and M., Ghannoum},
    number = {7},
    pages = {707},
    volume = {53},
    url = {http://www.embase.com/search/results?subaction=viewrecord&from=export&id=L72003605%0Ahttp://dx.doi.org/10.3109/15563650.2015.1071025},
    doi = {10.3109/15563650.2015.1071025 LK  - http://limo.libis.be/resolver?{\&}sid=EMBASE{\&}issn=15563650{\&}id=doi:10.3109{\%}2F15563650.2015.1071025{\&}atitle=Cost+of+extracorporeal+treatments{\%}3A+A+worldwide+survey{\&}stitle=Clin.+Toxicol.{\&}title=Clinical+Toxicology{\&}volume=53{\&}issue=7{\&}spage=707{\&}epage={\&}aulast=Cormier{\&}aufirst=Monique{\&}auinit=M.{\&}aufull=Cormier+M.{\&}coden={\&}isbn={\&}pages=707-{\&}date=2015{\&}auinit1=M{\&}auinitm=},
    issn = {1556-3650},
    keywords = {North American, anticoagulant agent, catheter, continuous renal replacement therapy, devices, dialysate, exchange blood transfusion, filter, hemodialysis, hemoperfusion, human, liver support, nursing, peritoneal dialysis, physician, plasmapheresis, poison, salary, systematic review (topic), tertiary care center, toxicology}
}

@article{Chen2015CrimeWeather,
    title = {{Crime Prediction Using Twitter Sentiment and Weather}},
    year = {2015},
    author = {Chen, Xinyu and Cho, Youngwoon and Jang, Suk},
    number = {c},
    pages = {63--68},
    volume = {00},
    isbn = {9781479918324},
    doi = {10.1109/SIEDS.2015.7117012},
    issn = {1537-2197},
    pmid = {22956470}
}

@inproceedings{Chen2015CrimeWeatherb,
    title = {{Crime prediction using Twitter sentiment and weather}},
    year = {2015},
    booktitle = {2015 Systems and Information Engineering Design Symposium, SIEDS 2015},
    author = {Chen, Xinyu and Cho, Youngwoon and Jang, Suk Young},
    month = {6},
    pages = {63--68},
    publisher = {Institute of Electrical and Electronics Engineers Inc.},
    isbn = {9781479918324},
    doi = {10.1109/SIEDS.2015.7117012},
    keywords = {Crime prediction, Kernel density estimation, Twitter sentiment analysis, Weather}
}

@book{Yang2012CrowdsourcedDefense,
    title = {{Crowdsourced Cyber Defense}},
    year = {2012},
    booktitle = {Springer},
    author = {Yang, S.J. and Greenberg, A.M. and Endsley, M.},
    pages = {35--42},
    isbn = {9783642215148},
    doi = {10.1007/3-540-68339-9{\_}34},
    issn = {0302-9743},
    pmid = {4520227},
    arxivId = {9780201398298}
}

@article{Bizer2009DBpediaData,
    title = {{DBpedia - A crystallization point for the Web of Data}},
    year = {2009},
    journal = {Journal of Web Semantics},
    author = {Bizer, Christian and Lehmann, Jens and Kobilarov, Georgi and Auer, SÃ¶ren and Becker, Christian and Cyganiak, Richard and Hellmann, Sebastian},
    number = {3},
    pages = {154--165},
    volume = {7},
    isbn = {15708268 (ISSN)},
    doi = {10.1016/j.websem.2009.07.002},
    issn = {15708268},
    pmid = {12014913},
    arxivId = {arXiv:1407.7071v2},
    keywords = {Knowledge extraction, Linked Data, RDF, Web of Data, Wikipedia}
}

@article{MURALI2017DetectingTechniques,
    title = {{Detecting Cyber Bullies on Twitter using Machine Learning Techniques}},
    year = {2017},
    journal = {International Journal of Information Security and Cybercrime},
    author = {MURALI, Sashaank Pejathaya},
    number = {1},
    pages = {63--66},
    volume = {6},
    doi = {10.19107/ijisc.2017.01.07},
    issn = {22859225}
}

@inproceedings{Malmasi2017DetectingMedia,
    title = {{Detecting hate speech in social media}},
    year = {2017},
    booktitle = {International Conference Recent Advances in Natural Language Processing, RANLP},
    author = {Malmasi, Shervin and Zampieri, Marcos},
    month = {12},
    pages = {467--472},
    volume = {2017-Septe},
    url = {http://arxiv.org/abs/1712.06427},
    isbn = {9789544520489},
    doi = {10.26615/978-954-452-049-6-062},
    issn = {13138502},
    arxivId = {1712.06427}
}

@article{Salminen2020DevelopingPlatforms,
    title = {{Developing an online hate classifier for multiple social media platforms}},
    year = {2020},
    journal = {Human-centric Computing and Information Sciences},
    author = {Salminen, Joni and Hopf, Maximilian and Chowdhury, Shammur A. and Jung, Soon gyo and Almerekhi, Hind and Jansen, Bernard J.},
    number = {1},
    pages = {1--34},
    volume = {10},
    publisher = {Springer Berlin Heidelberg},
    url = {https://doi.org/10.1186/s13673-019-0205-6},
    doi = {10.1186/s13673-019-0205-6},
    issn = {21921962},
    keywords = {Machine learning, Online hate, Social media, Toxicity}
}

@article{Murthy2015DoPlatforms,
    title = {{Do We Tweet Differently From Our Mobile Devices? A Study of Language Differences on Mobile and Web-Based Twitter Platforms}},
    year = {2015},
    journal = {Journal of Communication},
    author = {Murthy, Dhiraj and Bowman, Sawyer and Gross, Alexander J. and McGarry, Marisa},
    number = {5},
    month = {10},
    pages = {816--837},
    volume = {65},
    publisher = {Blackwell Publishing Ltd},
    doi = {10.1111/jcom.12176},
    issn = {14602466},
    keywords = {Communal, Desktop, Egocentric, Gender, Mobile, Social Media, Twitter}
}

@article{Murthy2015DoPlatformsb,
    title = {{Do We Tweet Differently From Our Mobile Devices? A Study of Language Differences on Mobile and Web-Based Twitter Platforms}},
    year = {2015},
    journal = {Journal of Communication},
    author = {Murthy, Dhiraj and Bowman, Sawyer and Gross, Alexander J. and McGarry, Marisa},
    number = {5},
    month = {10},
    pages = {816--837},
    volume = {65},
    publisher = {Blackwell Publishing Ltd},
    doi = {10.1111/jcom.12176},
    issn = {14602466},
    keywords = {Communal, Desktop, Egocentric, Gender, Mobile, Social Media, Twitter}
}

@article{Murthy2015DoPlatformsc,
    title = {{Do We Tweet Differently From Our Mobile Devices? A Study of Language Differences on Mobile and Web-Based Twitter Platforms}},
    year = {2015},
    journal = {Journal of Communication},
    author = {Murthy, Dhiraj and Bowman, Sawyer and Gross, Alexander J. and McGarry, Marisa},
    number = {5},
    month = {10},
    pages = {816--837},
    volume = {65},
    publisher = {Blackwell Publishing Ltd},
    doi = {10.1111/jcom.12176},
    issn = {14602466},
    keywords = {Communal, Desktop, Egocentric, Gender, Mobile, Social Media, Twitter}
}

@article{Kayam2018DonaldRhetoric,
    title = {{Donald Trumpâs rhetoric}},
    year = {2018},
    journal = {Language and Dialogue},
    author = {Kayam, Orly},
    number = {2},
    month = {10},
    pages = {183--208},
    volume = {8},
    publisher = {John Benjamins Publishing Company},
    doi = {10.1075/ld.00012.kay},
    issn = {2210-4119}
}

@article{Kayam2018DonaldRhetoricb,
    title = {{Donald Trumpâs rhetoric}},
    year = {2018},
    journal = {Language and Dialogue},
    author = {Kayam, Orly},
    number = {2},
    month = {10},
    pages = {183--208},
    volume = {8},
    publisher = {John Benjamins Publishing Company},
    doi = {10.1075/ld.00012.kay},
    issn = {2210-4119}
}

@article{Kayam2018DonaldRhetoricc,
    title = {{Donald Trumpâs rhetoric}},
    year = {2018},
    journal = {Language and Dialogue},
    author = {Kayam, Orly},
    number = {2},
    month = {10},
    pages = {183--208},
    volume = {8},
    publisher = {John Benjamins Publishing Company},
    doi = {10.1075/ld.00012.kay},
    issn = {2210-4119}
}

@article{Wan2015DynamicContext,
    title = {{Dynamic sensor event segmentation for real-time activity recognition in a smart home context}},
    year = {2015},
    journal = {Personal and Ubiquitous Computing},
    author = {Wan, Jie and OâGrady, Michael J. and OâHare, Gregory M.P.},
    number = {2},
    pages = {287--301},
    volume = {19},
    isbn = {1617-4909},
    doi = {10.1007/s00779-014-0824-x},
    issn = {16174909},
    keywords = {Activity recognition, Sensor segmentation, Smart home}
}

@article{Wan2015DynamicContextb,
    title = {{Dynamic sensor event segmentation for real-time activity recognition in a smart home context}},
    year = {2015},
    journal = {Personal and Ubiquitous Computing},
    author = {Wan, Jie and OâGrady, Michael J. and OâHare, Gregory M.P.},
    number = {2},
    pages = {287--301},
    volume = {19},
    isbn = {1617-4909},
    doi = {10.1007/s00779-014-0824-x},
    issn = {16174909},
    keywords = {Activity recognition, Sensor segmentation, Smart home}
}

@article{Sterman2000DynamicsFlows,
    title = {{Dynamics of Stocks and Flows}},
    year = {2000},
    journal = {Business Dynamics},
    author = {Sterman, John D.},
    pages = {231--262},
    isbn = {0-07-106812-0}
}

@article{Sterman2000DynamicsFlowsb,
    title = {{Dynamics of Stocks and Flows}},
    year = {2000},
    journal = {Business Dynamics},
    author = {Sterman, John D.},
    pages = {231--262},
    isbn = {0-07-106812-0}
}

@article{Huang2000EasyCmdCommands,
    title = {{EasyCmd : Navigation by Voice Commands}},
    year = {2000},
    journal = {Language},
    author = {Huang, Yinfei and Zheng, Fang and Wu, Wenhu},
    pages = {145--148}
}

@article{Huang2000EasyCmdCommandsb,
    title = {{EasyCmd : Navigation by Voice Commands}},
    year = {2000},
    journal = {Language},
    author = {Huang, Yinfei and Zheng, Fang and Wu, Wenhu},
    pages = {145--148}
}

@article{Parkes2008EffectTrial,
    title = {{Effect on smoking quit rate of telling patients their lung age: The Step2quit randomised controlled trial}},
    year = {2008},
    journal = {Bmj},
    author = {Parkes, Gary and Greenhalgh, Trisha and Griffin, Mark and Dent, Richard},
    number = {7644},
    pages = {598--600},
    volume = {336},
    isbn = {1468-5833 (Electronic){\textbackslash}r0959-535X (Linking)},
    doi = {10.1136/bmj.39503.582396.25},
    issn = {09598146},
    pmid = {18326503}
}

@techreport{AnutaElectionElection,
    title = {{Election Bias: Comparing Polls and Twitter in the 2016 U.S. Election}},
    author = {Anuta, David and Churchin, Josh and Luo, Jiebo}
}

@article{TumasjanElectionLandscape,
    title = {{Election Forecasts With Twitter: How 140 Characters Reflect the Political Landscape}},
    author = {Tumasjan, Andranik and Sprenger, Timm O and Sandner, Philipp G and Welpe, Isabell M},
    url = {http://ssc.sagepub.com},
    doi = {10.1177/0894439310386557},
    keywords = {Twitter, election forecasts, elections, information market, microblogging, politics, prediction markets, sentiment analysis}
}

@misc{Tumasjan2011ElectionLandscape,
    title = {{Election forecasts with Twitter: How 140 characters reflect the political landscape}},
    year = {2011},
    booktitle = {Social Science Computer Review},
    author = {Tumasjan, Andranik and Sprenger, Timm O. and Sandner, Philipp G. and Welpe, Isabell M.},
    number = {4},
    month = {11},
    pages = {402--418},
    volume = {29},
    doi = {10.1177/0894439310386557},
    issn = {08944393},
    keywords = {Twitter, election forecasts, elections, information market, microblogging, politics, prediction markets, sentiment analysis}
}

@article{Fodmap-dieet2017Eliminatiefase,
    title = {{eliminatiefase ( fase 1 )}},
    year = {2017},
    author = {Fodmap-dieet, Het and Fodmap-gehalte, Hoog and Universiteit, Monash},
    number = {fase 1}
}

@article{Malathi2011EvolvingModel,
    title = {{Evolving Data Mining Algorithms on the Prevailing Crime TrendâAn Intelligent Crime Prediction Model}},
    year = {2011},
    journal = {International Journal of Scientific {\&} Engineering {\ldots}},
    author = {Malathi, A and Baboo, SS},
    number = {6},
    pages = {1--6},
    volume = {2},
    url = {http://www.ijser.org/researchpaper%5CEvolving_Data_Mining_Algorithms_on_the_Prevailing_Crime_Trend-An_Intelligent_Crime_Prediction_Model.pdf%5Cnhttp://www.ijser.org/researchpaper%5CEvolving_Data_Mining_Algorithms_on_the_Prevailing_Crime_Trend-An_Intellige},
    isbn = {9780143115267},
    doi = {10.1016/j.tiv.2005.04.001},
    issn = {2229-5518},
    keywords = {Apriori., Crime-patterns, clustering, data mining, law-enforcement}
}

@article{Hooghe2018ExplainingSentiments,
    title = {{Explaining the Trump Vote: The Effect of Racist Resentment and Anti-Immigrant Sentiments}},
    year = {2018},
    journal = {PS - Political Science and Politics},
    author = {Hooghe, Marc and Dassonneville, Ruth},
    number = {3},
    month = {7},
    pages = {528--534},
    volume = {51},
    publisher = {Cambridge University Press},
    doi = {10.1017/S1049096518000367},
    issn = {15375935}
}

@techreport{SophiaXiao2018FionaOrganizations,
    title = {{Fiona Fui-Hoon Nah HCI in Business, Government, and Organizations}},
    year = {2018},
    author = {Sophia Xiao, Bo},
    pages = {Proceedings},
    url = {http://www.springer.com/series/7409}
}

@techreport{SophiaXiao2018FionaOrganizationsb,
    title = {{Fiona Fui-Hoon Nah HCI in Business, Government, and Organizations}},
    year = {2018},
    author = {Sophia Xiao, Bo},
    pages = {Proceedings},
    url = {http://www.springer.com/series/7409}
}

@article{Full-text,
    title = {{full-text}}
}

@techreport{Nockleby2000HATESPEECH,
    title = {{HATE SPEECH}},
    year = {2000},
    author = {Nockleby, John T.},
    pages = {2},
    institution = {Encyclopedia of the American Constitution}
}

@inproceedings{Martins2018HateAnalysis,
    title = {{Hate speech classification in social media using emotional analysis}},
    year = {2018},
    booktitle = {Proceedings - 2018 Brazilian Conference on Intelligent Systems, BRACIS 2018},
    author = {Martins, Ricardo and Gomes, Marco and Almeida, Jose Joao and Novais, Paulo and Henriques, Pedro},
    month = {12},
    pages = {61--66},
    publisher = {Institute of Electrical and Electronics Engineers Inc.},
    isbn = {9781538680230},
    doi = {10.1109/BRACIS.2018.00019},
    keywords = {Emotion Analysis, Natural Processing Language, Sentiment Analysis}
}

@inproceedings{Robinson2018HateSelection,
    title = {{Hate speech detection on twitter: Feature engineering v.s. feature selection}},
    year = {2018},
    booktitle = {Lecture Notes in Computer Science (including subseries Lecture Notes in Artificial Intelligence and Lecture Notes in Bioinformatics)},
    author = {Robinson, David and Zhang, Ziqi and Tepper, Jonathan},
    pages = {46--49},
    volume = {11155 LNCS},
    publisher = {Springer Verlag},
    isbn = {9783319981918},
    doi = {10.1007/978-3-319-98192-5{\_}9},
    issn = {16113349}
}

@inproceedings{Robinson2018HateSelectionb,
    title = {{Hate speech detection on twitter: Feature engineering v.s. feature selection}},
    year = {2018},
    booktitle = {Lecture Notes in Computer Science (including subseries Lecture Notes in Artificial Intelligence and Lecture Notes in Bioinformatics)},
    author = {Robinson, David and Zhang, Ziqi and Tepper, Jonathan},
    pages = {46--49},
    volume = {11155 LNCS},
    publisher = {Springer Verlag},
    isbn = {9783319981918},
    doi = {10.1007/978-3-319-98192-5{\_}9},
    issn = {16113349}
}

@article{Biere2018HateTechniques,
    title = {{Hate Speech Detection Using Natural Language Processing Techniques}},
    year = {2018},
    journal = {Vrije Universiteit Amsterdam},
    author = {Biere, Shanita and Analytics, Master Business},
    pages = {30},
    keywords = {Shanita Biere}
}

@article{Kahn2018HateTrump,
    title = {{Hate Speech, Democratic Legitimacy and the Age of Trump}},
    year = {2018},
    journal = {International and Comparative Law Review},
    author = {Kahn, Rob},
    number = {1},
    month = {2},
    pages = {239--253},
    volume = {17},
    publisher = {Walter de Gruyter GmbH},
    doi = {10.2478/iclr-2018-0011},
    issn = {2464-6601}
}

@article{Kahn2018HateTrumpb,
    title = {{Hate Speech, Democratic Legitimacy and the Age of Trump}},
    year = {2018},
    journal = {International and Comparative Law Review},
    author = {Kahn, Rob},
    number = {1},
    month = {2},
    pages = {239--253},
    volume = {17},
    publisher = {Walter de Gruyter GmbH},
    doi = {10.2478/iclr-2018-0011},
    issn = {2464-6601}
}

@article{Kahn2018HateTrumpc,
    title = {{Hate Speech, Democratic Legitimacy and the Age of Trump}},
    year = {2018},
    journal = {International and Comparative Law Review},
    author = {Kahn, Rob},
    number = {1},
    month = {2},
    pages = {239--253},
    volume = {17},
    publisher = {Walter de Gruyter GmbH},
    doi = {10.2478/iclr-2018-0011},
    issn = {2464-6601}
}

@inproceedings{Waseem2016HatefulTwitter,
    title = {{Hateful Symbols or Hateful People? Predictive Features for Hate Speech Detection on Twitter}},
    year = {2016},
    author = {Waseem, Zeerak and Hovy, Dirk},
    pages = {88--93},
    url = {http://github.com/zeerakw/hatespeech},
    doi = {10.18653/v1/n16-2013}
}

@book{HolznerHolzner2008.pdf,
    title = {{Holzner - Differential Equations for Dummies (Wiley, 2008).pdf}},
    author = {Holzner, Steven},
    isbn = {9780470178140}
}

@article{Inaniya2014HomeTouchscreen,
    title = {{Home Automation System Using Capacitive Touchscreen}},
    year = {2014},
    journal = {International Journal of Engineering Research and Applications},
    author = {Inaniya, Yash and Kumari, Naresh and Luthra, Urvashi},
    number = {6},
    pages = {101--103},
    volume = {4}
}

@article{Voida2011HomebrewOrganizations,
    title = {{Homebrew databases: Complexities of everyday information management in nonprofit organizations}},
    year = {2011},
    journal = {Proceedings of the SIGCHI Conference on {\ldots}},
    author = {Voida, Amy and Harmon, Ellie and Al-Ani, B},
    pages = {915--924},
    url = {http://portal.acm.org/citation.cfm?id=1979078%5Cnhttp://dl.acm.org/citation.cfm?id=1979078},
    isbn = {9781450302678},
    doi = {10.1145/1978942.1979078},
    issn = {0965-254X},
    pmid = {15735874},
    arxivId = {1204.3689},
    keywords = {Homebrew databases, information management, nonpro}
}

@article{2017IY,
    title = {{I b r a r y}},
    year = {2017},
    number = {December},
    pages = {2017},
    isbn = {2012052819}
}

@book{IC3eAustralia,
    title = {{IC3e 2014 : 10-12 December 2014, Melbourne, Australia}},
    isbn = {9781479971770}
}

@misc{IIS2_Kimberley_VanRuiven2.pdf,
    title = {{IIS2{\_}Kimberley{\_}VanRuiven2.pdf}}
}

@article{Ruiven2017InteractiveKitchen,
    title = {{Interactive Smart Kitchen}},
    year = {2017},
    author = {Ruiven, Kimberley Van}
}

@article{Ruiven2017InteractiveKitchenb,
    title = {{Interactive Smart Kitchen}},
    year = {2017},
    author = {Ruiven, Kimberley Van}
}

@article{Garrett2000InterfaceObjectives,
    title = {{Interface Design Navigation Design Interaction Information User Needs Site Objectives}},
    year = {2000},
    journal = {UX Design},
    author = {Garrett, Jesse James},
    pages = {2000},
    isbn = {0076-6879},
    doi = {http://dx.doi.org/10.1016/bs.mie.2015.01.005},
    issn = {1365-2133},
    pmid = {22564054}
}

@article{DANTO1953IntroductionLogic.,
    title = {{Introduction to Logic.}},
    year = {1953},
    journal = {Journal of Philosophy},
    author = {DANTO, A C},
    number = {22},
    pages = {673--676},
    volume = {50},
    url = {http://ezproxy.cul.columbia.edu/login?url=http://search.ebscohost.com/login.aspx?direct=true&db=pif&AN=EP100386550&site=ehost-live&scope=site},
    isbn = {0205820379},
    doi = {10.2307/2272842},
    issn = {0022-362X}
}

@inproceedings{Cambria2011Isanette:Mining,
    title = {{Isanette: A Common and Common Sense Knowledge Base for Opinion Mining}},
    year = {2011},
    booktitle = {2011 IEEE 11th International Conference on Data Mining Workshops},
    author = {Cambria, Erik and Song, Yangqiu and Wang, Haixun and Hussain, Amir},
    month = {12},
    pages = {315--322},
    publisher = {IEEE},
    url = {http://ieeexplore.ieee.org/document/6137396/},
    isbn = {978-1-4673-0005-6},
    doi = {10.1109/ICDMW.2011.106}
}

@inproceedings{Cambria2011Isanette:Miningb,
    title = {{Isanette: A Common and Common Sense Knowledge Base for Opinion Mining}},
    year = {2011},
    booktitle = {2011 IEEE 11th International Conference on Data Mining Workshops},
    author = {Cambria, Erik and Song, Yangqiu and Wang, Haixun and Hussain, Amir},
    month = {12},
    pages = {315--322},
    publisher = {IEEE},
    url = {http://ieeexplore.ieee.org/document/6137396/},
    isbn = {978-1-4673-0005-6},
    doi = {10.1109/ICDMW.2011.106}
}

@article{JackLynchJohnT.2010JaneAusten,
    title = {{Jane Austen}},
    year = {2010},
    author = {{Jack Lynch (John T. )}},
    pages = {1},
    isbn = {9781587656392}
}

@article{Austen1814JaneAusten,
    title = {{Jane Austen,}},
    year = {1814},
    author = {Austen, Jane and Park, Mansfield and Austen, Jane and Park, Mansfield},
    pages = {6--7},
    volume = {I},
    isbn = {0203504364}
}

@article{2001KNOWLEDGEPOSTER,
    title = {{KNOWLEDGE {\&} MEDIA POSTER}},
    year = {2001},
    pages = {2001},
    volume = {5}
}

@article{Kuhn2018KnowledgeLogins,
    title = {{Knowledge and Media Lecture 2 : Knowledge and Media Overview VUnet and Canvas ... Logins}},
    year = {2018},
    author = {Kuhn, Tobias},
    number = {September}
}

@article{ChenKnowledgeKnowledge,
    title = {{Knowledge Management on the Web : what you can do to organize your knowledge}},
    author = {Chen, H}
}

@article{Ruiven2017KOIKitchen,
    title = {{KOI Kitchen : Interactive Smart Kitchen}},
    year = {2017},
    author = {Ruiven, Kimberley Van}
}

@article{Shirzadian2015LearnModeRecognition,
    title = {{LearnMode : An application for efficient studying through intelligent time management and concentration recognition}},
    year = {2015},
    author = {Shirzadian, Najereh},
    number = {1990}
}

@article{Verheijen2012LearnModeEfficiently,
    title = {{LearnMode A system that helps higher education students to learn efficiently}},
    year = {2012},
    author = {Verheijen, Ananda}
}

@misc{Giachanou2016LikeMethods,
    title = {{Like it or not: A survey of Twitter sentiment analysis methods}},
    year = {2016},
    booktitle = {ACM Computing Surveys},
    author = {Giachanou, Anastasia and Crestani, Fabio},
    number = {2},
    month = {6},
    volume = {49},
    publisher = {Association for Computing Machinery},
    doi = {10.1145/2938640},
    issn = {15577341},
    keywords = {Microblogs, Opinion mining, Sentiment analysis, Twitter}
}

@article{Heath2011LinkedSpace,
    title = {{Linked Data: Evolving the Web into a Global Data Space}},
    year = {2011},
    journal = {Synthesis Lectures on the Semantic Web: Theory and Technology},
    author = {Heath, Tom and Bizer, Christian},
    number = {1},
    pages = {1--136},
    volume = {1},
    url = {http://www.morganclaypool.com/doi/abs/10.2200/S00334ED1V01Y201102WBE001},
    isbn = {9781608454303},
    doi = {10.2200/S00334ED1V01Y201102WBE001},
    issn = {2160-4711},
    pmid = {21311007},
    arxivId = {arXiv:1011.1669v3}
}

@techreport{Mika2014LNCS2014,
    title = {{LNCS 8797 - The Semantic Web â ISWC 2014}},
    year = {2014},
    booktitle = {Proceedings},
    author = {Mika, Peter and Tudorache, Tania and Bernstein, Abraham and Welty, Chris and Knoblock, Craig and Vrandecic, Denny and Groth, Paul and Noy, Natasha and Janowicz, Krzysztof and Goble, Carole}
}

@techreport{Mika2014LNCS2014b,
    title = {{LNCS 8797 - The Semantic Web â ISWC 2014}},
    year = {2014},
    booktitle = {Proceedings},
    author = {Mika, Peter and Tudorache, Tania and Bernstein, Abraham and Welty, Chris and Knoblock, Craig and Vrandecic, Denny and Groth, Paul and Noy, Natasha and Janowicz, Krzysztof and Goble, Carole}
}

@inproceedings{Bauwelinck2019LT3hatEval,
    title = {{LT3 at SemEval-2019 Task 5: Multilingual Detection of Hate Speech Against Immigrants and Women in Twitter (hatEval)}},
    year = {2019},
    author = {Bauwelinck, Nina and Jacobs, Gilles and Hoste, VÃ©ronique and Lefever, Els},
    pages = {436--440},
    url = {http://evalita.org},
    doi = {10.18653/v1/s19-2077}
}

@article{2013MappingDiscovery,
    title = {{Mapping the Literature on User Experience {\&} Discovery}},
    year = {2013},
    pages = {2013}
}

@article{Overview2019MSCOctob,
    title = {{MSC Information Studies Data Systems Project 2018-19 Deliverables What can be expected for stakeholders MSC Information Studies Data Systems Project 2018-19 Benefit for stakeholders Commitment from stakeholders Key Dates * Wednesday 30 th August Mid Octob}},
    year = {2019},
    author = {Overview, Project},
    number = {July}
}

@article{Overview2019MSCOctobb,
    title = {{MSC Information Studies Data Systems Project 2018-19 Deliverables What can be expected for stakeholders MSC Information Studies Data Systems Project 2018-19 Benefit for stakeholders Commitment from stakeholders Key Dates * Wednesday 30 th August Mid Octob}},
    year = {2019},
    author = {Overview, Project},
    number = {July}
}

@article{Overview2019MSCOctobc,
    title = {{MSC Information Studies Data Systems Project 2018-19 Deliverables What can be expected for stakeholders MSC Information Studies Data Systems Project 2018-19 Benefit for stakeholders Commitment from stakeholders Key Dates * Wednesday 30 th August Mid Octob}},
    year = {2019},
    author = {Overview, Project},
    number = {July}
}

@article{Title2018MSC2018-19,
    title = {{MSC Information Studies Data Systems Project 2018-19 MSC Information Studies Data Systems Project 2018-19}},
    year = {2018},
    author = {Title, Project and Driving, Autonomous and Project, Vehicles and Name, Stijn Hoppenbrouwers}
}

@article{Title2018MSC2018-19b,
    title = {{MSC Information Studies Data Systems Project 2018-19 MSC Information Studies Data Systems Project 2018-19}},
    year = {2018},
    author = {Title, Project and Data, Distributed}
}

@article{Title2018MSC2018-19c,
    title = {{MSC Information Studies Data Systems Project 2018-19 MSC Information Studies Data Systems Project 2018-19}},
    year = {2018},
    author = {Title, Project}
}

@article{Title2018MSC2018-19d,
    title = {{MSC Information Studies Data Systems Project 2018-19 MSC Information Studies Data Systems Project 2018-19}},
    year = {2018},
    author = {Title, Project and Luun, Bas}
}

@article{Title2018MSC2018-19e,
    title = {{MSC Information Studies Data Systems Project 2018-19 MSC Information Studies Data Systems Project 2018-19}},
    year = {2018},
    author = {Title, Project and Luun, Bas},
    pages = {660514}
}

@article{Ibrohim2019Multi-labelTwitter,
    title = {{Multi-label Hate Speech and Abusive Language Detection in Indonesian Twitter}},
    year = {2019},
    author = {Ibrohim, Muhammad Okky and Budi, Indra},
    pages = {46--57},
    doi = {10.18653/v1/w19-3506}
}

@article{GariboiOrts2019MultilingualDetection,
    title = {{Multilingual Detection of Hate Speech Against Immigrants and Women in Twitter at SemEval-2019 Task 5: Frequency Analysis Interpolation for Hate in Speech Detection}},
    year = {2019},
    author = {Garibo i Orts, Ãscar},
    pages = {460--463},
    doi = {10.18653/v1/s19-2081}
}

@article{Nelson2012NIHAccess,
    title = {{NIH Public Access}},
    year = {2012},
    author = {Nelson, Eric E and Guyer, Amanda E},
    number = {3},
    pages = {233--245},
    volume = {1},
    isbn = {6176321972},
    doi = {10.1016/j.dcn.2011.01.002.The},
    issn = {15378276},
    arxivId = {NIHMS150003},
    keywords = {adolescence, affiliative, childhood, emotion}
}

@article{AgterbosOfReasoning,
    title = {{Of Clouds and Clocks in Commonsense Reasoning}},
    author = {Agterbos, Marieke},
    keywords = {ai, commonsense reasoning, philosophy, semantic web}
}

@article{TrainingOmMaaltijd,
    title = {{Om de 1-2 dagen 3 el kikkererwten uit een potje (afgespoeld) door een volledig groene maaltijd}},
    author = {Training, Diet and Amstel, Health and Amsterdam, A C}
}

@techreport{LiuOMCSNet:Toolkit,
    title = {{OMCSNet: A Commonsense Inference Toolkit}},
    author = {Liu, Hugo and Singh, Push},
    url = {https://pdfs.semanticscholar.org/8982/9683e4eda8a42d5390e5824486d783e0b553.pdf?_ga=2.3502576.139044246.1540639461-841208959.1540639461}
}

@article{Horrocks2008OntologiesWeb,
    title = {{Ontologies and the semantic web}},
    year = {2008},
    journal = {Communications of the ACM},
    author = {Horrocks, Ian},
    number = {12},
    pages = {58},
    volume = {51},
    url = {http://portal.acm.org/citation.cfm?doid=1409360.1409377},
    isbn = {9783540929130},
    doi = {10.1145/1409360.1409377},
    issn = {00010782},
    pmid = {19679771}
}

@article{Horrocks2008OntologiesWebb,
    title = {{Ontologies and the semantic web}},
    year = {2008},
    journal = {Communications of the ACM},
    author = {Horrocks, Ian},
    number = {12},
    month = {12},
    pages = {58--67},
    volume = {51},
    doi = {10.1145/1409360.1409377},
    issn = {00010782}
}

@techreport{SinghOpenPublic,
    title = {{Open Mind Common Sense: Knowledge Acquisition from the General Public}},
    author = {Singh, Push and Lim, Grace and Lin, Thomas and Mueller Travell Perkins, Erik T and Tompkins, Mark and Li Zhu, Wan},
    url = {http://www.openmind.org/commonsense}
}

@article{Ruiven2018Overzicht,
    title = {{Overzicht}},
    year = {2018},
    author = {Ruiven, Kimberley Van and Amsterdam, Universiteit Van and Rekeninghouder, Naam and Ruiven, K V A N},
    pages = {2018--2020},
    isbn = {0385829604}
}

@article{Bhattacharya2016PerceptionsTwitter,
    title = {{Perceptions of presidential candidates' personalities in twitter}},
    year = {2016},
    journal = {Journal of the Association for Information Science and Technology},
    author = {Bhattacharya, Sanmitra and Yang, Chao and Srinivasan, Padmini and Boynton, Bob},
    number = {2},
    month = {2},
    pages = {249--267},
    volume = {67},
    publisher = {John Wiley and Sons Inc.},
    doi = {10.1002/asi.23377},
    issn = {23301643}
}

@article{Bhattacharya2016PerceptionsTwitterb,
    title = {{Perceptions of presidential candidates' personalities in twitter}},
    year = {2016},
    journal = {Journal of the Association for Information Science and Technology},
    author = {Bhattacharya, Sanmitra and Yang, Chao and Srinivasan, Padmini and Boynton, Bob},
    number = {2},
    month = {2},
    pages = {249--267},
    volume = {67},
    publisher = {John Wiley and Sons Inc.},
    doi = {10.1002/asi.23377},
    issn = {23301643}
}

@article{Bhattacharya2016PerceptionsTwitterc,
    title = {{Perceptions of presidential candidates' personalities in twitter}},
    year = {2016},
    journal = {Journal of the Association for Information Science and Technology},
    author = {Bhattacharya, Sanmitra and Yang, Chao and Srinivasan, Padmini and Boynton, Bob},
    number = {2},
    month = {2},
    pages = {249--267},
    volume = {67},
    publisher = {John Wiley and Sons Inc.},
    doi = {10.1002/asi.23377},
    issn = {23301643}
}

@article{vanderPut2017PreselectOpvoedsituaties,
    title = {{Preselect Zorg: een risicotaxatie-instrument voor zorgwekkende opgroei- en opvoedsituaties}},
    year = {2017},
    journal = {Kind en adolescent},
    author = {van der Put, Claudia and Stams, Geert-Jan},
    number = {4},
    pages = {199--211},
    volume = {38},
    url = {http://link.springer.com/10.1007/s12453-017-0154-7},
    doi = {10.1007/s12453-017-0154-7},
    issn = {0167-2436}
}

@article{Imran2015ProcessingSurvey,
    title = {{Processing social media messages in Mass Emergency: A survey}},
    year = {2015},
    journal = {ACM Computing Surveys},
    author = {Imran, Muhammad and Castillo, Carlos and Diaz, Fernando and Vieweg, Sarah},
    number = {4},
    month = {7},
    volume = {47},
    url = {http://arxiv.org/abs/1407.7071},
    doi = {10.1145/2771588},
    issn = {15577341},
    arxivId = {1407.7071},
    keywords = {Crisis computing, Disastermanagement, Mass emergencies, Socialmedia}
}

@article{Moreau2013Provenance:PROV,
    title = {{Provenance: An Introduction to PROV}},
    year = {2013},
    journal = {Synthesis Lectures on the Semantic Web: Theory and Technology},
    author = {Moreau, Luc and Groth, Paul},
    number = {4},
    pages = {1--129},
    volume = {3},
    url = {http://www.morganclaypool.com/doi/abs/10.2200/S00528ED1V01Y201308WBE007},
    isbn = {9781627052214},
    doi = {10.2200/S00528ED1V01Y201308WBE007},
    issn = {2160-4711},
    arxivId = {arXiv:cond-mat/0104167},
    archivePrefix = {arXiv},
    eprint = {0104167},
    primaryClass = {cond-mat}
}

@article{Babb2017Quitting20002015,
    title = {{Quitting Smoking Among Adults â United States, 2000â2015}},
    year = {2017},
    journal = {MMWR. Morbidity and Mortality Weekly Report},
    author = {Babb, Stephen and Malarcher, Ann and Schauer, Gillian and Asman, Kat and Jamal, Ahmed},
    number = {52},
    pages = {1457--1464},
    volume = {65},
    url = {http://www.cdc.gov/mmwr/volumes/65/wr/mm6552a1.htm},
    isbn = {1545-861X},
    doi = {10.15585/mmwr.mm6552a1},
    issn = {0149-2195},
    pmid = {22071592}
}

@article{Davidson2019RacialDatasets,
    title = {{Racial Bias in Hate Speech and Abusive Language Detection Datasets}},
    year = {2019},
    author = {Davidson, Thomas and Bhattacharya, Debasmita and Weber, Ingmar},
    month = {5},
    url = {http://arxiv.org/abs/1905.12516},
    arxivId = {1905.12516}
}

@inproceedings{Davidson2019RacialDatasetsb,
    title = {{Racial Bias in Hate Speech and Abusive Language Detection Datasets}},
    year = {2019},
    author = {Davidson, Thomas and Bhattacharya, Debasmita and Weber, Ingmar},
    month = {5},
    pages = {25--35},
    url = {http://arxiv.org/abs/1905.12516},
    doi = {10.18653/v1/w19-3504},
    arxivId = {1905.12516}
}

@article{Davidson2019RacialDatasetsc,
    title = {{Racial Bias in Hate Speech and Abusive Language Detection Datasets}},
    year = {2019},
    author = {Davidson, Thomas and Bhattacharya, Debasmita and Weber, Ingmar},
    pages = {25--35},
    doi = {10.18653/v1/w19-3504},
    arxivId = {1905.12516}
}

@techreport{Speer2012Representing5,
    title = {{Representing General Relational Knowledge in ConceptNet 5}},
    year = {2012},
    author = {Speer, Robert and Havasi, Catherine},
    url = {https://pdfs.semanticscholar.org/1b97/b4623cf2f183340e548e0aa53abf0f2963d8.pdf?_ga=2.28735356.139044246.1540639461-841208959.1540639461},
    institution = {MIT Media Lab},
    address = {Cambridge},
    keywords = {ConceptNet, common sense, semantic networks}
}

@article{Samghabadi2018RiTUAL-UHIdentification,
    title = {{RiTUAL-UH at TRAC 2018 Shared Task: Aggression Identification}},
    year = {2018},
    author = {Samghabadi, Niloofar Safi and Mave, Deepthi and Kar, Sudipta and Solorio, Thamar},
    month = {7},
    url = {http://arxiv.org/abs/1807.11712},
    arxivId = {1807.11712}
}

@article{Samghabadi2018RiTUAL-UHIdentificationb,
    title = {{RiTUAL-UH at TRAC 2018 Shared Task: Aggression Identification}},
    year = {2018},
    author = {Samghabadi, Niloofar Safi and Mave, Deepthi and Kar, Sudipta and Solorio, Thamar},
    month = {7},
    url = {http://arxiv.org/abs/1807.11712},
    arxivId = {1807.11712}
}

@article{Samghabadi2018RiTUAL-UHIdentificationc,
    title = {{RiTUAL-UH at TRAC 2018 Shared Task: Aggression Identification}},
    year = {2018},
    author = {Samghabadi, Niloofar Safi and Mave, Deepthi and Kar, Sudipta and Solorio, Thamar},
    month = {7},
    url = {http://arxiv.org/abs/1807.11712},
    arxivId = {1807.11712}
}

@article{Boettiger2010Robust,
    title = {{Robust Information from Phylogentic Trees ? P ( | ) P ( | ) P ( )}},
    year = {2010},
    author = {Boettiger, Carl and Davis, U C},
    pages = {2010}
}

@article{Sterman2000S-ShapedProducts.,
    title = {{S-Shaped growth: Epidemics, innovation diffusion and the growth of new products.}},
    year = {2000},
    journal = {Business dynamics: systems thinking and modeling for a complex world},
    author = {Sterman, John},
    pages = {323--346},
    isbn = {978-0072389159}
}

@article{Lukas2012SamenvattingDiscussie,
    title = {{Samenvatting en algemene discussie}},
    year = {2012},
    author = {Lukas, CÃ©dric}
}

@article{Wan2015SchedulerSystem,
    title = {{Scheduler and voice recognition on home automation control system}},
    year = {2015},
    journal = {Proceedings of the SIGCHI Conference on Human Factors in Computing Systems},
    author = {Wan, Jie and OâGrady, Michael J. and OâHare, Gregory M.P. and Seo, Incheol and Jang, Unyong and Mohamed, M. G.A. and Cho, Taewon and Kim, Hyungwon and Chang, Hyeoung Kyu and Lee, Sonou and Amrutha, S and Aravind, S and Mathew, Ansu and Sugathan, Swathy and Rajasree, R and Priyalakshmi, S and Kumar, Sushant and Solanki, S. S. and Voris, Jonathan and Zhang, Yang and Harrison, Chris and Schoeffmann, Klaus and Burgstaller, Lukas and Hidayat, Syarif and Firmanda, Syahrial Farid and Bhaskar, P and Uriu, Daisuke and Namai, Mizuki and Tokuhisa, Satoru and Neumann, Alexander and Elbrechter, Christof and Pfeiffer-Le{\ss}mann, Nadine and KÃµiva, Risto and Carlmeyer, Birte and R{\"{u}}ther, Stefan and Schade, Michael and {\"{U}}ckermann, AndrÃ© and Wachsmuth, Sven and Ritter, Helge J. and Huang, Yinfei and Zheng, Fang and Wu, Wenhu and Tjhia, Melissa and Olij, Richard and Inaniya, Yash and Kumari, Naresh and Luthra, Urvashi and Lurnl, Xpdjdl and Xnl, Lurvkl and Rqhvhoi, Preloh Skrqh E and Craig, R T and Mennicken, Sarah and Vermeulen, Jo and Huang, Elaine M},
    number = {1},
    pages = {7--12},
    volume = {19},
    publisher = {Springer Berlin Heidelberg},
    url = {http://link.springer.com/10.1007/s13218-017-0488-6 http://dl.acm.org/citation.cfm?id=2207695 http://ieeexplore.ieee.org/document/7442357/ http://portal.acm.org/citation.cfm?doid=169059.169414%5Cnhttp://dl.acm.org/citation.cfm?id=169414},
    isbn = {978-1-5090-0379-2},
    doi = {10.1145/2207676.2207695},
    issn = {1365-2982},
    pmid = {19374637},
    keywords = {-video navigation, AMR Voice, Activity recognition, Arduino Bluetooth Control, Arduino Uno, Assist, Assisted living, Cooking, HC-0, Human machine interaction, Internet-of-Things, IoT, Projected capacitive touch screen, Sensor segmentation, Smart Home, Smart home, Universal Sensor, and often want, assist, assisted, cloud, control, cooking, d, d gljlwdo fdphud ru, double edge charge integrator, home automation, human machine interaction, human-computer interaction, internet of things, iot, iru xv wr rshudwh, living, lw lv qrw hdv, navigation, pc, personal computer, preloh skrqh e, rqhvhoi, scheduler, service robot, smart home, smartphone application, speech reading, store more and more, text-to, to share specific scenes, touch interaction, video browsing, video search, videos on their devices, voice command, voice interaction, voltage shifting differential amplifier, we need more efficient, web-based}
}

@article{2014SecondProject,
    title = {{Second design game project}},
    year = {2014},
    pages = {2014},
    volume = {69}
}

@article{Eberhardt2004SeeingProcessing,
    title = {{Seeing black: Race, crime, and visual processing}},
    year = {2004},
    journal = {Journal of Personality and Social Psychology},
    author = {Eberhardt, Jennifer L. and Purdie, Valerie J. and Goff, Phillip Atiba and Davies, Paul G.},
    number = {6},
    pages = {876--893},
    volume = {87},
    isbn = {0022-3514},
    doi = {10.1037/0022-3514.87.6.876},
    issn = {00223514},
    pmid = {15598112}
}

@article{Eberhardt2004SeeingProcessingb,
    title = {{Seeing black: Race, crime, and visual processing}},
    year = {2004},
    journal = {Journal of Personality and Social Psychology},
    author = {Eberhardt, Jennifer L. and Purdie, Valerie J. and Goff, Phillip Atiba and Davies, Paul G.},
    number = {6},
    month = {12},
    pages = {876--893},
    volume = {87},
    doi = {10.1037/0022-3514.87.6.876},
    issn = {00223514}
}

@article{Schreiber2008SemanticDemonstrator,
    title = {{Semantic annotation and search of cultural-heritage collections: The MultimediaN E-Culture demonstrator}},
    year = {2008},
    journal = {Web Semantics},
    author = {Schreiber, Guus and Amin, Alia and Aroyo, Lora and van Assem, Mark and de Boer, Victor and Hardman, Lynda and Hildebrand, Michiel and Omelayenko, Borys and van Osenbruggen, Jacco and Tordai, Anna and Wielemaker, Jan and Wielinga, Bob},
    number = {4},
    pages = {243--249},
    volume = {6},
    isbn = {1471-2202},
    doi = {10.1016/j.websem.2008.08.001},
    issn = {15708268},
    keywords = {Digital heritage, Semantic annotation, Semantic search, Virtual collections}
}

@article{Nakov2017SemanticData,
    title = {{Semantic Sentiment Analysis of Twitter Data}},
    year = {2017},
    author = {Nakov, Preslav},
    month = {10},
    url = {http://arxiv.org/abs/1710.01492},
    arxivId = {1710.01492}
}

@article{Nakov2017SemanticDatab,
    title = {{Semantic Sentiment Analysis of Twitter Data}},
    year = {2017},
    author = {Nakov, Preslav},
    month = {10},
    url = {http://arxiv.org/abs/1710.01492},
    arxivId = {1710.01492}
}

@techreport{CambriaSenticNetAnalysis,
    title = {{SenticNet 3: A Common and Common-Sense Knowledge Base for Cognition-Driven Sentiment Analysis}},
    author = {Cambria, Erik and Olsher, Daniel and Rajagopal, Dheeraj},
    url = {www.aaai.org},
    keywords = {NLP and Knowledge Representation}
}

@techreport{CambriaSenticNetPrimitives,
    title = {{SenticNet 4: A Semantic Resource for Sentiment Analysis Based on Conceptual Primitives}},
    author = {Cambria, Erik and Poria, Soujanya and Bajpai, Rajiv and Schuller, BjÃ¶rn},
    pages = {2666--2677},
    url = {https://pdfs.semanticscholar.org/ae32/e911a080eeeb3ac08e483f99e3daa649065f.pdf}
}

@techreport{Mukherjee2013SentimentOntology,
    title = {{Sentiment Aggregation using ConceptNet Ontology}},
    year = {2013},
    author = {Mukherjee, Subhabrata and Joshi, Sachindra},
    pages = {14--18},
    url = {http://csc.media.mit.edu/docs/conceptnet/conceptnet4}
}

@article{Bae2012SentimentTwitterers,
    title = {{Sentiment analysis of twitter audiences: Measuring the positive or negative influence of popular twitterers}},
    year = {2012},
    journal = {Journal of the American Society for Information Science and Technology},
    author = {Bae, Younggue and Lee, Hongchul},
    number = {12},
    month = {12},
    pages = {2521--2535},
    volume = {63},
    doi = {10.1002/asi.22768},
    issn = {15322882},
    keywords = {information discovery, knowledge discovery, linguistic analysis}
}

@article{Bae2012SentimentTwitterersb,
    title = {{Sentiment analysis of twitter audiences: Measuring the positive or negative influence of popular twitterers}},
    year = {2012},
    journal = {Journal of the American Society for Information Science and Technology},
    author = {Bae, Younggue and Lee, Hongchul},
    number = {12},
    month = {12},
    pages = {2521--2535},
    volume = {63},
    doi = {10.1002/asi.22768},
    issn = {15322882},
    keywords = {information discovery, knowledge discovery, linguistic analysis}
}

@article{Bae2012SentimentTwitterersc,
    title = {{Sentiment analysis of twitter audiences: Measuring the positive or negative influence of popular twitterers}},
    year = {2012},
    journal = {Journal of the American Society for Information Science and Technology},
    author = {Bae, Younggue and Lee, Hongchul},
    number = {12},
    month = {12},
    pages = {2521--2535},
    volume = {63},
    doi = {10.1002/asi.22768},
    issn = {15322882},
    keywords = {information discovery, knowledge discovery, linguistic analysis}
}

@article{Bae2012SentimentTwitterersd,
    title = {{Sentiment analysis of twitter audiences: Measuring the positive or negative influence of popular twitterers}},
    year = {2012},
    journal = {Journal of the American Society for Information Science and Technology},
    author = {Bae, Younggue and Lee, Hongchul},
    number = {12},
    month = {12},
    pages = {2521--2535},
    volume = {63},
    doi = {10.1002/asi.22768},
    issn = {15322882},
    keywords = {information discovery, knowledge discovery, linguistic analysis}
}

@techreport{BagheriSentimentData,
    title = {{Sentiment analysis of twitter data}},
    author = {Bagheri, Hamid and Islam, Johirul},
    url = {https://t.co/FhZSCBVHJs},
    keywords = {Social Network analysis, Twitter sentiment analysis}
}

@techreport{BagheriSentimentDatab,
    title = {{Sentiment analysis of twitter data}},
    author = {Bagheri, Hamid and Islam, Johirul},
    url = {https://t.co/FhZSCBVHJs},
    keywords = {Social Network analysis, Twitter sentiment analysis}
}

@inproceedings{Abdullah2018SentimentDebates,
    title = {{Sentiment analysis of twitter data: Emotions revealed regarding donald trump during the 2015-16 primary debates}},
    year = {2018},
    booktitle = {Proceedings - International Conference on Tools with Artificial Intelligence, ICTAI},
    author = {Abdullah, Malak and Hadzikadic, Mirsad},
    month = {6},
    pages = {760--764},
    volume = {2017-Novem},
    publisher = {IEEE Computer Society},
    isbn = {9781538638767},
    doi = {10.1109/ICTAI.2017.00120},
    issn = {10823409},
    keywords = {Classification, Emotions, GOP Debate, Machine learning, Opinion Mining, Politics, Sentiment Analysis, Twitter}
}

@inproceedings{Abdullah2018SentimentDebatesb,
    title = {{Sentiment analysis of twitter data: Emotions revealed regarding donald trump during the 2015-16 primary debates}},
    year = {2018},
    booktitle = {Proceedings - International Conference on Tools with Artificial Intelligence, ICTAI},
    author = {Abdullah, Malak and Hadzikadic, Mirsad},
    month = {6},
    pages = {760--764},
    volume = {2017-Novem},
    publisher = {IEEE Computer Society},
    isbn = {9781538638767},
    doi = {10.1109/ICTAI.2017.00120},
    issn = {10823409},
    keywords = {Classification, Emotions, GOP Debate, Machine learning, Opinion Mining, Politics, Sentiment Analysis, Twitter}
}

@inproceedings{Abdullah2018SentimentDebatesc,
    title = {{Sentiment analysis of twitter data: Emotions revealed regarding donald trump during the 2015-16 primary debates}},
    year = {2018},
    booktitle = {Proceedings - International Conference on Tools with Artificial Intelligence, ICTAI},
    author = {Abdullah, Malak and Hadzikadic, Mirsad},
    month = {6},
    pages = {760--764},
    volume = {2017-Novem},
    publisher = {IEEE Computer Society},
    isbn = {9781538638767},
    doi = {10.1109/ICTAI.2017.00120},
    issn = {10823409},
    keywords = {Classification, Emotions, GOP Debate, Machine learning, Opinion Mining, Politics, Sentiment Analysis, Twitter}
}

@techreport{KumarSentimentData,
    title = {{Sentiment Analysis on Speaker Specific Speech Data}},
    author = {Kumar, Rajesh M and Ieee, Senior},
    keywords = {DTW, Index Terms-Sentiment Analysis, MFCC, Speaker Recognition, Speech Recognition}
}

@inproceedings{Maghilnan2018SentimentData,
    title = {{Sentiment analysis on speaker specific speech data}},
    year = {2018},
    booktitle = {Proceedings of 2017 International Conference on Intelligent Computing and Control, I2C2 2017},
    author = {Maghilnan, S. and Kumar, M. Rajesh},
    pages = {1--5},
    volume = {2018-Janua},
    isbn = {9781538603741},
    doi = {10.1109/I2C2.2017.8321795},
    keywords = {DTW, MFCC, Sentiment Analysis, Speaker Recognition, Speech Recognition}
}

@inproceedings{Rane2018SentimentAnalysis,
    title = {{Sentiment Classification System of Twitter Data for US Airline Service Analysis}},
    year = {2018},
    booktitle = {Proceedings - International Computer Software and Applications Conference},
    author = {Rane, Ankita and Kumar, Anand},
    month = {6},
    pages = {769--773},
    volume = {1},
    publisher = {IEEE Computer Society},
    isbn = {9781538626665},
    doi = {10.1109/COMPSAC.2018.00114},
    issn = {07303157},
    keywords = {Classification techniques, Deep Learning, Distributed Memory Model, Machine Learning}
}

@inproceedings{Rane2018SentimentAnalysisb,
    title = {{Sentiment Classification System of Twitter Data for US Airline Service Analysis}},
    year = {2018},
    booktitle = {Proceedings - International Computer Software and Applications Conference},
    author = {Rane, Ankita and Kumar, Anand},
    month = {6},
    pages = {769--773},
    volume = {1},
    publisher = {IEEE Computer Society},
    isbn = {9781538626665},
    doi = {10.1109/COMPSAC.2018.00114},
    issn = {07303157},
    keywords = {Classification techniques, Deep Learning, Distributed Memory Model, Machine Learning}
}

@article{Odell1994SixAggregation,
    title = {{Six Different Kinds of Aggregation}},
    year = {1994},
    journal = {Joop},
    author = {Odell, James},
    number = {8},
    volume = {5}
}

@article{Literacy2012StocksFlows,
    title = {{Stocks and Flows}},
    year = {2012},
    author = {Literacy, Systems},
    number = {April},
    pages = {1--5}
}

@article{Sterman2000StructureSystems,
    title = {{Structure and Behavior of Dynamic Systems}},
    year = {2000},
    journal = {Business Dynamics: Systems Thinking and Modeling for a Complex World},
    author = {Sterman, John D},
    pages = {982},
    isbn = {0072311355, 9780072311358},
    issn = {1567-7133}
}

@article{Clarke2019Stylistic2018,
    title = {{Stylistic variation on the Donald Trump Twitter account: A linguistic analysis of tweets posted between 2009 and 2018}},
    year = {2019},
    journal = {PLoS ONE},
    author = {Clarke, Isobelle and Grieve, Jack},
    number = {9},
    volume = {14},
    publisher = {Public Library of Science},
    doi = {10.1371/journal.pone.0222062},
    issn = {19326203},
    pmid = {31553740}
}

@inproceedings{Blei2009SupervisedModels,
    title = {{Supervised topic models}},
    year = {2009},
    booktitle = {Advances in Neural Information Processing Systems 20 - Proceedings of the 2007 Conference},
    author = {Blei, David M and McAuliffe, Jon D.},
    url = {www.digg.com},
    isbn = {160560352X},
    arxivId = {1003.0783}
}

@article{Zhang2017SyntheticSensing,
    title = {{Synthetic Sensors : Towards General - Purpose Sensing}},
    year = {2017},
    journal = {Proceedings of the SIGCHI Conference on Human Factors in Computing Systems},
    author = {Zhang, Yang and Harrison, Chris},
    pages = {3986--3999},
    isbn = {9781450346559},
    doi = {10.1145/3025453.3025773},
    keywords = {Internet-of-Things, IoT, Smart Home, Universal Sensor}
}

@article{Zhang2017SyntheticSensingb,
    title = {{Synthetic Sensors : Towards General - Purpose Sensing}},
    year = {2017},
    journal = {Proceedings of the SIGCHI Conference on Human Factors in Computing Systems},
    author = {Zhang, Yang and Harrison, Chris},
    pages = {3986--3999},
    isbn = {9781450346559},
    doi = {10.1145/3025453.3025773},
    keywords = {Internet-of-Things, IoT, Smart Home, Universal Sensor}
}

@article{1961SystemDeve,
    title = {{System Dynamics in Int Deve}},
    year = {1961},
    url = {https://mcedc.colorado.edu/sites/default/files/John Newman_0.pdf},
    keywords = {System Dynamics}
}

@article{Cook2019TalkingPp.,
    title = {{Talking Donald Trump: A Sociolinguistic Study of Style, Metadiscourse, and Political Identity. By Jennifer Sclafani. New York: Routledge, 2018. 106 pp.}},
    year = {2019},
    journal = {Presidential Studies Quarterly},
    author = {Cook, James},
    number = {2},
    month = {6},
    pages = {483--484},
    volume = {49},
    publisher = {Wiley},
    doi = {10.1111/psq.12537},
    issn = {0360-4918}
}

@article{Cook2019TalkingPp.b,
    title = {{Talking Donald Trump: A Sociolinguistic Study of Style, Metadiscourse, and Political Identity. By Jennifer Sclafani. New York: Routledge, 2018. 106 pp.}},
    year = {2019},
    journal = {Presidential Studies Quarterly},
    author = {Cook, James},
    number = {2},
    month = {6},
    pages = {483--484},
    volume = {49},
    publisher = {Wiley},
    doi = {10.1111/psq.12537},
    issn = {0360-4918}
}

@article{Cook2019TalkingPp.c,
    title = {{Talking Donald Trump: A Sociolinguistic Study of Style, Metadiscourse, and Political Identity. By Jennifer Sclafani. New York: Routledge, 2018. 106 pp.}},
    year = {2019},
    journal = {Presidential Studies Quarterly},
    author = {Cook, James},
    number = {2},
    month = {6},
    pages = {483--484},
    volume = {49},
    publisher = {Wiley},
    doi = {10.1111/psq.12537},
    issn = {0360-4918}
}

@article{StudiesTechnologyGames,
    title = {{Technology for Games}},
    author = {Studies, Master Information and Intelligence, Master Artificial},
    pages = {1--11}
}

@misc{Ott2017TheDebasement,
    title = {{The age of Twitter: Donald J. Trump and the politics of debasement}},
    year = {2017},
    booktitle = {Critical Studies in Media Communication},
    author = {Ott, Brian L.},
    number = {1},
    month = {1},
    pages = {59--68},
    volume = {34},
    publisher = {Routledge},
    doi = {10.1080/15295036.2016.1266686},
    issn = {14795809},
    keywords = {Donald J. Trump, Twitter, hate speech, media ecology, narcissism}
}

@misc{Ott2017TheDebasementb,
    title = {{The age of Twitter: Donald J. Trump and the politics of debasement}},
    year = {2017},
    booktitle = {Critical Studies in Media Communication},
    author = {Ott, Brian L.},
    number = {1},
    month = {1},
    pages = {59--68},
    volume = {34},
    publisher = {Routledge},
    doi = {10.1080/15295036.2016.1266686},
    issn = {14795809},
    keywords = {Donald J. Trump, Twitter, hate speech, media ecology, narcissism}
}

@article{Janhunen2016TheParadigm,
    title = {{The Answer Set Programming Paradigm}},
    year = {2016},
    journal = {AI Magazine},
    author = {Janhunen, Tomi and Nimel{\"{a}}, Ilkka},
    number = {3},
    pages = {13--24},
    volume = {37},
    url = {https://www.aaai.org/ojs/index.php/aimagazine/article/view/2671},
    doi = {10.1609/aimag.v37i3.2671},
    issn = {0738-4602}
}

@article{Liu2018TheElection,
    title = {{The appeal to political sentiment: An analysis of Donald Trump's and Hillary Clinton's speech themes and discourse strategies in the 2016 US presidential election}},
    year = {2018},
    journal = {Discourse, Context and Media},
    author = {Liu, Dilin and Lei, Lei},
    month = {10},
    pages = {143--152},
    volume = {25},
    publisher = {Elsevier B.V.},
    doi = {10.1016/j.dcm.2018.05.001},
    keywords = {Election, Machine-based methods, Sentiment analysis, Structural topic modeling, Trump}
}

@article{Liu2018TheElectionb,
    title = {{The appeal to political sentiment: An analysis of Donald Trump's and Hillary Clinton's speech themes and discourse strategies in the 2016 US presidential election}},
    year = {2018},
    journal = {Discourse, Context and Media},
    author = {Liu, Dilin and Lei, Lei},
    month = {10},
    pages = {143--152},
    volume = {25},
    publisher = {Elsevier B.V.},
    doi = {10.1016/j.dcm.2018.05.001},
    issn = {22116958},
    keywords = {Election, Machine-based methods, Sentiment analysis, Structural topic modeling, Trump}
}

@article{Liu2018TheElectionc,
    title = {{The appeal to political sentiment: An analysis of Donald Trump's and Hillary Clinton's speech themes and discourse strategies in the 2016 US presidential election}},
    year = {2018},
    journal = {Discourse, Context and Media},
    author = {Liu, Dilin and Lei, Lei},
    month = {10},
    pages = {143--152},
    volume = {25},
    publisher = {Elsevier B.V.},
    doi = {10.1016/j.dcm.2018.05.001},
    issn = {22116958},
    keywords = {Election, Machine-based methods, Sentiment analysis, Structural topic modeling, Trump}
}

@article{Ruiven2015TheRepresentation,
    title = {{The concept â Jane Austen â in knowledge representation}},
    year = {2015},
    author = {Ruiven, Kimberley Van},
    pages = {2015}
}

@article{Ruiven2015TheRepresentationb,
    title = {{The concept â Jane Austen â in knowledge representation}},
    year = {2015},
    author = {Ruiven, Kimberley Van},
    pages = {2015}
}

@article{Ruiven2015TheRepresentationc,
    title = {{The concept â Jane Austen â in knowledge representation}},
    year = {2015},
    author = {Ruiven, Kimberley Van},
    pages = {2015}
}

@article{Rushin2018TheCrimes,
    title = {{The Effect of President Trump's Election on Hate Crimes}},
    year = {2018},
    journal = {SSRN Electronic Journal},
    author = {Rushin, Stephen and Edwards, Griffin Sims},
    url = {https://ssrn.com/abstract=3102652},
    doi = {10.2139/ssrn.3102652},
    keywords = {bias-based offenses, causes of crime, hate crimes, politics}
}

@techreport{EdwardsTheCrimes,
    title = {{The Effect of President Trump's Election on Hate Crimes}},
    author = {Edwards, Griffin and Rushin, Stephen},
    url = {https://ssrn.com/abstract=3102652},
    keywords = {bias-based offenses, causes of crime, hate crimes, politics}
}

@article{Lakoff2017TheMan,
    title = {{The hollow man}},
    year = {2017},
    journal = {Journal of Language and Politics},
    author = {Lakoff, Robin T.},
    number = {4},
    month = {10},
    pages = {595--606},
    volume = {16},
    publisher = {John Benjamins Publishing Company},
    doi = {10.1075/jlp.17022.lak},
    issn = {1569-2159}
}

@article{Lakoff2017TheManb,
    title = {{The hollow man}},
    year = {2017},
    journal = {Journal of Language and Politics},
    author = {Lakoff, Robin T.},
    number = {4},
    month = {10},
    pages = {595--606},
    volume = {16},
    publisher = {John Benjamins Publishing Company},
    doi = {10.1075/jlp.17022.lak},
    issn = {1569-2159}
}

@article{Lakoff2017TheManc,
    title = {{The hollow man}},
    year = {2017},
    journal = {Journal of Language and Politics},
    author = {Lakoff, Robin T.},
    number = {4},
    month = {10},
    pages = {595--606},
    volume = {16},
    publisher = {John Benjamins Publishing Company},
    doi = {10.1075/jlp.17022.lak},
    issn = {1569-2159}
}

@techreport{Nelson2012TheWell-Being,
    title = {{The Impact of Racial Identity, Ethnic Identity, Asian Values and Race-Related Stress on Asian Americans and Asian International College Studentsâ Psychological Well-Being}},
    year = {2012},
    booktitle = {Journal of Counseling Psychology},
    author = {Nelson, Eric E and Guyer, Amanda E},
    number = {3},
    pages = {233--245},
    volume = {1},
    publisher = {NIH Public Access},
    url = {http://www.ncbi.nlm.nih.gov/pubmed/20177043},
    isbn = {6176321972},
    doi = {10.1016/j.dcn.2011.01.002.The},
    issn = {15378276},
    pmid = {20177043},
    arxivId = {NIHMS150003},
    keywords = {adolescence, affiliative, childhood, emotion}
}

@article{Venkateswaran2008TheProcess,
    title = {{The Modeling Process}},
    year = {2008},
    author = {Venkateswaran, Jayendran},
    number = {1977},
    pages = {1--17},
    volume = {7},
    doi = {10.1258/jicp.2010.010003},
    issn = {2040-4026}
}

@article{2015THEUSERS,
    title = {{THE PUBLIC IMPACT OF OPEN ACCESS RESEARCH : A SURVEY OF SCIELO USERS}},
    year = {2015},
    pages = {811}
}

@article{Beker2014TheWeb,
    title = {{The Websiteless Web}},
    year = {2014},
    author = {Beker, Diederik}
}

@article{Kreis2017TheTrump,
    title = {{The âTweet Politicsâ of President Trump}},
    year = {2017},
    journal = {Journal of Language and Politics},
    author = {Kreis, Ramona},
    number = {4},
    month = {10},
    pages = {607--618},
    volume = {16},
    publisher = {John Benjamins Publishing Company},
    doi = {10.1075/jlp.17032.kre},
    issn = {1569-2159}
}

@article{Kreis2017TheTrumpb,
    title = {{The âTweet Politicsâ of President Trump}},
    year = {2017},
    journal = {Journal of Language and Politics},
    author = {Kreis, Ramona},
    number = {4},
    month = {10},
    pages = {607--618},
    volume = {16},
    publisher = {John Benjamins Publishing Company},
    doi = {10.1075/jlp.17032.kre},
    issn = {1569-2159}
}

@article{Archive1988Title1988,
    title = {{Title : Jeugdcriminaliteit 1988}},
    year = {1988},
    author = {Archive, Steinmetz},
    number = {0},
    volume = {31}
}

@article{VorisTouchscreenDevices,
    title = {{Touchscreen Biometrics Across Multiple Devices}},
    author = {Voris, Jonathan},
    url = {http://portal.acm.org/citation.cfm?doid=169059.169414%5Cnhttp://dl.acm.org/citation.cfm?id=169414}
}

@inproceedings{ChiltonTOWARDTRUMP,
    title = {{TOWARD A NEURO-COGNITIVE MODEL OF SOCIO-POLITICAL DISCOURSE, AND AN APPLICATION TO THE POPULIST DISCOURSE OF DONALD TRUMP}},
    author = {Chilton, Paul},
    url = {https://www.cairn.info/revue-langage-et-societe-2017-2-page-237.htm},
    isbn = {9782735123544},
    issn = {0181-4095}
}

@inproceedings{ChiltonTOWARDTRUMPb,
    title = {{TOWARD A NEURO-COGNITIVE MODEL OF SOCIO-POLITICAL DISCOURSE, AND AN APPLICATION TO THE POPULIST DISCOURSE OF DONALD TRUMP}},
    author = {Chilton, Paul},
    url = {https://www.cairn.info/revue-langage-et-societe-2017-2-page-237.htm},
    isbn = {9782735123544},
    issn = {0181-4095}
}

@article{Gruber1993TowardsSharing,
    title = {{Towards {\{}P{\}}rinciples for the {\{}D{\}}esign of {\{}O{\}}ntologies {\{}U{\}}sed for {\{}K{\}}nowledge Sharing}},
    year = {1993},
    journal = {Formal Ontology in Conceptual Analysis and Knowledge Representation},
    author = {Gruber, T R},
    pages = {907--928},
    keywords = {knowledge interchange format, knowledge sharing, measurement theory, ontological commitment, ontology, ontology design}
}

@techreport{Kumar2018TRAC-1IITISMCOLING18,
    title = {{TRAC-1 Shared Task on Aggression Identification: IIT(ISM)@COLING'18}},
    year = {2018},
    author = {Kumar, Ritesh and Bhanodai, Guggilla and Pamula, Rajendra and Chennuru, M R},
    pages = {58},
    url = {https://github.com/zeerakw/hatespeech}
}

@techreport{Kumar2018TRAC-1IITISMCOLING18b,
    title = {{TRAC-1 Shared Task on Aggression Identification: IIT(ISM)@COLING'18}},
    year = {2018},
    author = {Kumar, Ritesh and Bhanodai, Guggilla and Pamula, Rajendra and Chennuru, M R},
    pages = {58},
    url = {https://github.com/zeerakw/hatespeech}
}

@inproceedings{Kumar2018TRAC-1IITISMCOLING18c,
    title = {{TRAC-1 Shared Task on Aggression Identification: IIT(ISM)@COLING'18}},
    year = {2018},
    booktitle = {First Workshop on Trolling, Aggression and Cyberbullying},
    author = {Kumar, Ritesh and Bhanodai, Guggilla and Pamula, Rajendra and Chennuru, M R},
    pages = {58},
    url = {https://github.com/zeerakw/hatespeech}
}

@techreport{Kumar2018TRAC-1IITISMCOLING18d,
    title = {{TRAC-1 Shared Task on Aggression Identification: IIT(ISM)@COLING'18}},
    year = {2018},
    author = {Kumar, Ritesh and Bhanodai, Guggilla and Pamula, Rajendra and Chennuru, M R},
    pages = {58},
    url = {https://github.com/zeerakw/hatespeech}
}

@techreport{Kumar2018TRAC-1IITISMCOLING18e,
    title = {{TRAC-1 Shared Task on Aggression Identification: IIT(ISM)@COLING'18}},
    year = {2018},
    author = {Kumar, Ritesh and Bhanodai, Guggilla and Pamula, Rajendra and Chennuru, M R},
    pages = {58},
    url = {https://github.com/zeerakw/hatespeech}
}

@misc{Brookey2019Trump2.0,
    title = {{Trump and Twitter 2.0}},
    year = {2019},
    booktitle = {Critical Studies in Media Communication},
    author = {Brookey, Robert Alan and Ott, Brian L.},
    number = {1},
    month = {1},
    pages = {92--96},
    volume = {36},
    publisher = {Routledge},
    doi = {10.1080/15295036.2018.1546052},
    issn = {14795809}
}

@misc{Brookey2019Trump2.0b,
    title = {{Trump and Twitter 2.0}},
    year = {2019},
    booktitle = {Critical Studies in Media Communication},
    author = {Brookey, Robert Alan and Ott, Brian L.},
    number = {1},
    month = {1},
    pages = {92--96},
    volume = {36},
    publisher = {Routledge},
    doi = {10.1080/15295036.2018.1546052},
    issn = {14795809}
}

@article{Holland2017TrumpsNarratives,
    title = {{Trumpâs rhetoric at 100 days: contradictions within effective emotional narratives}},
    year = {2017},
    journal = {Critical Studies on Security},
    author = {Holland, Jack and Fermor, Ben},
    number = {2},
    month = {5},
    pages = {182--186},
    volume = {5},
    publisher = {Informa UK Limited},
    doi = {10.1080/21624887.2017.1355157},
    issn = {2162-4887}
}

@article{Holland2017TrumpsNarrativesb,
    title = {{Trumpâs rhetoric at 100 days: contradictions within effective emotional narratives}},
    year = {2017},
    journal = {Critical Studies on Security},
    author = {Holland, Jack and Fermor, Ben},
    number = {2},
    month = {5},
    pages = {182--186},
    volume = {5},
    publisher = {Informa UK Limited},
    doi = {10.1080/21624887.2017.1355157},
    issn = {2162-4887}
}

@article{Holland2017TrumpsNarrativesc,
    title = {{Trumpâs rhetoric at 100 days: contradictions within effective emotional narratives}},
    year = {2017},
    journal = {Critical Studies on Security},
    author = {Holland, Jack and Fermor, Ben},
    number = {2},
    month = {5},
    pages = {182--186},
    volume = {5},
    publisher = {Informa UK Limited},
    doi = {10.1080/21624887.2017.1355157},
    issn = {2162-4887}
}

@techreport{LuoTrust-BasedPrediction,
    title = {{Trust-Based Collective View Prediction}},
    author = {Luo, Tiejian and Chen, Su and Xu, Guandong and Zhou, Jia}
}

@article{PinarSaygin2000TuringLater,
    title = {{Turing Test: 50 Years Later}},
    year = {2000},
    journal = {Minds and Machines},
    author = {Pinar Saygin, Ayse and Cicekli, Ilyas and Akman, Varol},
    number = {4},
    pages = {463--518},
    volume = {10},
    publisher = {Kluwer Academic Publishers},
    url = {http://link.springer.com/10.1023/A:1011288000451},
    doi = {10.1023/A:1011288000451},
    issn = {09246495}
}

@article{Murthy2015TwitterBuzz,
    title = {{Twitter and elections: are tweets, predictive, reactive, or a form of buzz?}},
    year = {2015},
    journal = {Information Communication and Society},
    author = {Murthy, Dhiraj},
    number = {7},
    month = {7},
    pages = {816--831},
    volume = {18},
    publisher = {Routledge},
    doi = {10.1080/1369118X.2015.1006659},
    issn = {14684462},
    keywords = {Republican, Twitter, buzz, elections, political sentiment, social media, social media strategy}
}

@article{Murthy2015TwitterBuzzb,
    title = {{Twitter and elections: are tweets, predictive, reactive, or a form of buzz?}},
    year = {2015},
    journal = {Information Communication and Society},
    author = {Murthy, Dhiraj},
    number = {7},
    month = {7},
    pages = {816--831},
    volume = {18},
    publisher = {Routledge},
    doi = {10.1080/1369118X.2015.1006659},
    issn = {14684462},
    keywords = {Republican, Twitter, buzz, elections, political sentiment, social media, social media strategy}
}

@article{Murthy2015TwitterBuzzc,
    title = {{Twitter and elections: are tweets, predictive, reactive, or a form of buzz?}},
    year = {2015},
    journal = {Information Communication and Society},
    author = {Murthy, Dhiraj},
    number = {7},
    month = {7},
    pages = {816--831},
    volume = {18},
    publisher = {Routledge},
    doi = {10.1080/1369118X.2015.1006659},
    issn = {14684462},
    keywords = {Republican, Twitter, buzz, elections, political sentiment, social media, social media strategy}
}

@article{Enli2017TwitterElection,
    title = {{Twitter as arena for the authentic outsider: exploring the social media campaigns of Trump and Clinton in the 2016 US presidential election}},
    year = {2017},
    journal = {European Journal of Communication},
    author = {Enli, Gunn},
    number = {1},
    month = {2},
    pages = {50--61},
    volume = {32},
    publisher = {SAGE Publications Ltd},
    doi = {10.1177/0267323116682802},
    issn = {14603705},
    keywords = {Election campaigns, Twitter, authenticity, professionalisation, social media}
}

@article{Enli2017TwitterElectionb,
    title = {{Twitter as arena for the authentic outsider: exploring the social media campaigns of Trump and Clinton in the 2016 US presidential election}},
    year = {2017},
    journal = {European Journal of Communication},
    author = {Enli, Gunn},
    number = {1},
    month = {2},
    pages = {50--61},
    volume = {32},
    publisher = {SAGE Publications Ltd},
    doi = {10.1177/0267323116682802},
    issn = {14603705},
    keywords = {Election campaigns, Twitter, authenticity, professionalisation, social media}
}

@article{Schaffner2018UnderstandingSexism,
    title = {{Understanding white polarization in the 2016 vote for president: The sobering role of racism and sexism}},
    year = {2018},
    journal = {Political Science Quarterly},
    author = {Schaffner, Brian F. and Macwilliams, Matthew C. and Nteta, Tatishe},
    number = {1},
    month = {3},
    pages = {9--34},
    volume = {133},
    publisher = {Wiley-Blackwell Publishing Ltd},
    doi = {10.1002/polq.12737},
    issn = {1538165X}
}

@article{Varpio2018UsingPersuasiveness,
    title = {{Using rhetorical appeals to credibility, logic, and emotions to increase your persuasiveness}},
    year = {2018},
    journal = {Perspectives on Medical Education},
    author = {Varpio, Lara},
    number = {3},
    month = {6},
    pages = {207--210},
    volume = {7},
    publisher = {Bohn Stafleu van Loghum},
    doi = {10.1007/s40037-018-0420-2},
    issn = {2212277X}
}

@article{Varpio2018UsingPersuasivenessb,
    title = {{Using rhetorical appeals to credibility, logic, and emotions to increase your persuasiveness}},
    year = {2018},
    journal = {Perspectives on Medical Education},
    author = {Varpio, Lara},
    number = {3},
    month = {6},
    pages = {207--210},
    volume = {7},
    publisher = {Bohn Stafleu van Loghum},
    doi = {10.1007/s40037-018-0420-2},
    issn = {2212277X}
}

@article{Varpio2018UsingPersuasivenessc,
    title = {{Using rhetorical appeals to credibility, logic, and emotions to increase your persuasiveness}},
    year = {2018},
    journal = {Perspectives on Medical Education},
    author = {Varpio, Lara},
    number = {3},
    month = {6},
    pages = {207--210},
    volume = {7},
    publisher = {Bohn Stafleu van Loghum},
    doi = {10.1007/s40037-018-0420-2},
    issn = {2212277X}
}

@article{Bobrowska1996VaccinationEvaluation,
    title = {{Vaccination against tick-borne encephalitis--distant evaluation}},
    year = {1996},
    author = {Bobrowska, E and Grzeszczuk, A and Prokopowicz, D},
    pages = {44--50},
    volume = {41},
    keywords = {Adolescence Adult Antibodies,Viral/*analysis Encep, Age, Antibodies, Encephalitis, Time, Vaccination, Virus}
}

@article{JapanseVoedingDieet,
    title = {{Voeding met laag FODMAP gehalte; geschikt voor het FODMAP dieet}},
    author = {Japanse, Choisam}
}

@article{Kumar2016VoiceAutomation,
    title = {{Voice and touch control home automation}},
    year = {2016},
    journal = {2016 3rd International Conference on Recent Advances in Information Technology, RAIT 2016},
    author = {Kumar, Sushant and Solanki, S. S.},
    pages = {495--498},
    isbn = {9781479985791},
    doi = {10.1109/RAIT.2016.7507951},
    keywords = {AMR Voice, Arduino Bluetooth Control, Arduino Uno, HC-0}
}

@article{Soronen2008VoiceFinland,
    title = {{Voice Commands in Home Environment - a Consumer Survey Unit of Human-Centered Technology , Tampere University of Technology , Finland Department of Computer Sciences , University of Tampere , Finland}},
    year = {2008},
    author = {Soronen, Hannu and Turunen, Markku and Hakulinen, Jaakko},
    pages = {2078--2081},
    keywords = {[Electronic Manuscript]}
}

@article{Amrutha2015VoiceHome,
    title = {{Voice Controlled Smart Home}},
    year = {2015},
    journal = {International Journal of Emerging Technology and Advanced Engineering},
    author = {Amrutha, S and Aravind, S and Mathew, Ansu and Sugathan, Swathy and Rajasree, R and Priyalakshmi, S},
    number = {1},
    pages = {272--276},
    volume = {5},
    isbn = {9789382702818}
}

@article{Seo2014VoltagePanels,
    title = {{Voltage shifting double integration circuit for high sensing resolution of large capacitive touch screen panels}},
    year = {2014},
    journal = {Proceedings of the International Symposium on Consumer Electronics, ISCE},
    author = {Seo, Incheol and Jang, Unyong and Mohamed, M. G.A. and Cho, Taewon and Kim, Hyungwon and Chang, Hyeoung Kyu and Lee, Sonou},
    pages = {1--2},
    isbn = {9781479945924},
    doi = {10.1109/ISCE.2014.6884371},
    keywords = {Projected capacitive touch screen, double edge charge integrator, voltage shifting differential amplifier}
}

@techreport{Vanderwende2005VolunteersWeb,
    title = {{Volunteers Created the Web}},
    year = {2005},
    author = {Vanderwende, Lucy},
    url = {http://www.womenintheancientworld.com/medicine%2520in%2520ancient%252}
}

@article{Kumar2013Webzeitgeist:Web,
    title = {{Webzeitgeist: Design mining the web}},
    year = {2013},
    journal = {Chi 2013},
    author = {Kumar, Ranjitha and Satyanarayan, Arvind and Torres, Cesar and Lim, Maxine and Ahmad, Salman and Klemmer, Scott R. and Talton, Jerry O.},
    pages = {10},
    url = {http://citeseerx.ist.psu.edu/viewdoc/download?doi=10.1.1.359.8964&rep=rep1&type=pdf},
    isbn = {9781450318990},
    doi = {10.1145/2470654.2466420},
    pmid = {11558901}
}

@article{Stratford2018WelcomeGuide,
    title = {{Welcome to Mendeley: Quick Start Guide}},
    year = {2018},
    author = {Stratford, Matthew}
}

@article{Davis1993WhatRepresentation,
    title = {{What is a knowledge representation?}},
    year = {1993},
    journal = {AI Magazine},
    author = {Davis, All and Shrobe, Howard and Szolovits, Peter},
    number = {1},
    pages = {17--33},
    volume = {14},
    url = {citeulike-article-id:7840860%5Cnhttp://citeseerx.ist.psu.edu/viewdoc/summary?doi=10.1.1.98.796},
    isbn = {0738-4602},
    doi = {10.1609/AIMAG.V14I1.1029},
    issn = {0738-4602},
    pmid = {21283854},
    arxivId = {arXiv:1011.1669v3},
    keywords = {artificial{\_}intelligence, knowledge{\_}representation}
}

@article{Brown2018WhatSpeech,
    title = {{What is so special about online (as compared to offline) hate speech?}},
    year = {2018},
    journal = {Ethnicities},
    author = {Brown, Alexander},
    number = {3},
    month = {6},
    pages = {297--326},
    volume = {18},
    publisher = {SAGE Publications Ltd},
    doi = {10.1177/1468796817709846},
    issn = {17412706},
    keywords = {Cyberhate, Internet companies, free speech, hate speech, regulation}
}

@article{Brown2018WhatSpeechb,
    title = {{What is so special about online (as compared to offline) hate speech?}},
    year = {2018},
    journal = {Ethnicities},
    author = {Brown, Alexander},
    number = {3},
    month = {6},
    pages = {297--326},
    volume = {18},
    publisher = {SAGE Publications Ltd},
    doi = {10.1177/1468796817709846},
    issn = {17412706},
    keywords = {Cyberhate, Internet companies, free speech, hate speech, regulation}
}

@article{Brown2018WhatSpeechc,
    title = {{What is so special about online (as compared to offline) hate speech?}},
    year = {2018},
    journal = {Ethnicities},
    author = {Brown, Alexander},
    number = {3},
    month = {6},
    pages = {297--326},
    volume = {18},
    publisher = {SAGE Publications Ltd},
    doi = {10.1177/1468796817709846},
    issn = {17412706},
    keywords = {Cyberhate, Internet companies, free speech, hate speech, regulation}
}

@article{BeekW.RietveldL.SchlobachS.andHarmelen2016WhyCentralization,
    title = {{Why the Semantic Web Needs Centralization}},
    year = {2016},
    journal = {IEEE Internet Computing},
    author = {Beek, W., Rietveld, L., Schlobach, S., and Harmelen, F.},
    pages = {78--81},
    volume = {16},
    doi = {10.1109/MIC.2016.43},
    issn = {1089-7801}
}

@article{DennyVrandecic2014WikidataKnowledgebase,
    title = {{Wikidata : A Free Collaborative Knowledgebase}},
    year = {2014},
    journal = {Communications of the ACM},
    author = {{Denny Vrandecic} and Krotzsch, Markus},
    number = {10},
    pages = {78--85},
    volume = {57},
    doi = {https://doi.org/10.1145/2629489},
    issn = {0001-0782 (print), 1557-7317 (electronic)}
}

@article{Miller1995WordNet:English,
    title = {{WordNet: a lexical database for English}},
    year = {1995},
    journal = {Communications of the ACM},
    author = {Miller, George A.},
    number = {11},
    pages = {39--41},
    volume = {38},
    url = {http://portal.acm.org/citation.cfm?doid=219717.219748},
    isbn = {1558602720},
    doi = {10.1145/219717.219748},
    issn = {00010782},
    pmid = {17081734}
}

@article{Miller1995WordNet:Englishb,
    title = {{WordNet: A Lexical Database for English}},
    year = {1995},
    journal = {Communications of the ACM},
    author = {Miller, George A.},
    number = {11},
    month = {11},
    pages = {39--41},
    volume = {38},
    doi = {10.1145/219717.219748},
    issn = {15577317}
}

@article{BennetWriteAction,
    title = {{WriteAction}},
    author = {Bennet, Elizabeth and Wickham, George}
}

@article{Baxter2008,
    title = {{[ No Title ]}},
    year = {2008},
    journal = {Animal Genetics},
    author = {Baxter, R. and Hastings, N. and Law, a. and Glass, E. J..},
    number = {5},
    pages = {561--563},
    volume = {39},
    keywords = {1999, also, antigen, bola, bola-drb3, bovine, called the bovine leucocyte, complex, genotyping, includes many immune-related genes, lewin et al, mhc, of cattle, the major histocompatibility complex}
}

@article{Baxter2008b,
    title = {{[ No Title ]}},
    year = {2008},
    journal = {Animal Genetics},
    author = {Baxter, R. and Hastings, N. and Law, a. and Glass, E. J..},
    number = {5},
    pages = {561--563},
    volume = {39},
    keywords = {1999, also, antigen, bola, bola-drb3, bovine, called the bovine leucocyte, complex, genotyping, includes many immune-related genes, lewin et al, mhc, of cattle, the major histocompatibility complex}
}

@article{Dalgleish2007,
    title = {{[ No Title ]}},
    year = {2007},
    journal = {Journal of Experimental Psychology: General},
    author = {Dalgleish, Tim and Williams, J. Mark G.. and Golden, Ann-Marie J. and Perkins, Nicola and Barrett, Lisa Feldman and Barnard, Phillip J. and Au Yeung, Cecilia and Murphy, Victoria and Elward, Rachael and Tchanturia, Kate and Watkins, Edward},
    number = {1},
    pages = {23--42},
    volume = {136},
    keywords = {autobiographical memory, depression, executive control, overgeneral memory, working}
}

@article{Dalgleish2007b,
    title = {{[ No Title ]}},
    year = {2007},
    journal = {Journal of Experimental Psychology: General},
    author = {Dalgleish, Tim and Williams, J. Mark G.. and Golden, Ann-Marie J. and Perkins, Nicola and Barrett, Lisa Feldman and Barnard, Phillip J. and Au Yeung, Cecilia and Murphy, Victoria and Elward, Rachael and Tchanturia, Kate and Watkins, Edward},
    number = {1},
    pages = {23--42},
    volume = {136},
    keywords = {autobiographical memory, depression, executive control, overgeneral memory, working}
}

@article{Neumann2017KogniChef:Assistant,
    title = {{âKogniChefâ: A Cognitive Cooking Assistant}},
    year = {2017},
    journal = {KI - K{\"{u}}nstliche Intelligenz},
    author = {Neumann, Alexander and Elbrechter, Christof and Pfeiffer-Le{\ss}mann, Nadine and KÃµiva, Risto and Carlmeyer, Birte and R{\"{u}}ther, Stefan and Schade, Michael and {\"{U}}ckermann, AndrÃ© and Wachsmuth, Sven and Ritter, Helge J.},
    number = {3},
    pages = {273--281},
    volume = {31},
    publisher = {Springer Berlin Heidelberg},
    url = {http://link.springer.com/10.1007/s13218-017-0488-6},
    isbn = {0123456789},
    doi = {10.1007/s13218-017-0488-6},
    issn = {0933-1875},
    keywords = {Smart home,Assist,Cooking,Assisted living,Human ma, assist, assisted, cooking, human machine interaction, living, smart home}
}

@article{SollinsTransformingKnowledge,
    title = {{âTransforming Data to Knowledgeâ}},
    journal = {Building},
    author = {Sollins, Karen},
    keywords = {behavioural data, customer data, customer relationship management, data mining, edge management, knowl-}
}